1539 2370
528 50 768 80 GBOBGICON
786 51 869 79 LIB.
889 52 948 80 IV.

106 148 162 186 Et
181 146 407 198 caligantem
423 145 533 198 nigra
550 145 749 184 formidine
767 145 898 183 lucum

105 200 316 251 Ingressus,
334 212 536 249 manesque
555 199 649 237 adiit
667 211 869 249 regemque
886 197 1140 245 tremendum,

103 252 316 302 Nesciaque
334 252 510 290 humanis
528 252 701 302 precibus
720 264 978 289 mansuescere
997 251 1119 289 corda.
1289 250 1369 289 470

105 307 162 344 At
181 308 296 344 cantu
314 307 513 343 commotae
532 305 649 342 Erebi
667 305 713 342 de
732 304 882 342 sedibus
901 304 988 341 imis

106 357 261 396 Umbrae
278 358 386 396 ibant
404 360 538 396 tenues
570 357 844 406 simulacraque
862 357 946 395 luce
964 358 1176 402 carentum,

106 411 230 457 Quam
249 411 369 448 multa
386 411 426 448 in
445 410 543 448 foliis
563 410 690 448 avium
710 423 749 448 se
767 410 886 447 millia
904 410 1086 455 condunt,

105 462 247 514 Vesper
265 464 331 502 ubi
349 470 415 501 aut
431 463 611 501 hibernus
630 463 712 514 agit
730 463 776 500 de
794 463 990 501 montibus
1008 463 1139 503 imber.

106 515 252 554 Matres
272 519 385 566 atque
403 516 486 562 viri,
506 516 755 565 defunctaque
775 529 930 565 corpora
946 515 1029 554 vita
1291 515 1341 552 47

106 567 399 620 Magnanimum
416 569 587 614 heroum,
606 569 724 619 pueri,
743 569 989 618 innuptaeque
1007 567 1153 618 pueHae,

105 620 357 672 Impositique
375 622 476 672 rogis
490 622 648 673 juvenes
664 624 752 659 ante
771 634 837 659 ora
854 623 1078 670 parentum3

104 673 209 721 Quos
228 674 371 712 circum
387 674 501 712 limus
518 675 627 725 niger
645 676 685 711 et
703 674 879 712 deformis
899 673 1044 710 arundo

104 725 241 776 Cocyti
258 727 440 777 tardaque
458 727 565 777 palus
584 726 794 764 inamabilis
813 726 916 763 unda

103 778 264 830 Alligat,
283 781 323 817 et
340 779 468 817 novies
488 779 584 830 Styx
602 779 787 817 interfusa
804 781 962 818 coercet.
1291 778 1369 815 480

106 831 208 878 Quin
226 831 316 882 ipsae
334 834 513 882 stupuere
532 832 666 870 domus
686 834 801 881 atque
820 832 957 869 intima
974 831 1043 869 leti

105 883 274 930 Tartara,
293 885 544 935 caeruleosque
561 885 733 933 implexae
752 885 917 922 crinibus
937 896 1078 933 angues

105 936 347 983 Eumenides,
365 938 562 986 tenuitque
580 937 729 974 inhians
748 937 823 974 tria
842 936 1024 974 Cerberus
1043 949 1119 982 ora,

104 990 236 1039 Atque
256 989 394 1027 Ixionii
413 992 527 1027 vento
546 992 631 1027 rota
649 990 823 1027 constitit
842 989 954 1026 orbis.

105 1040 270 1091 Jamque
289 1042 422 1092 pedem
441 1042 602 1080 referens
621 1055 728 1079 casus
748 1043 917 1080 evaserat
935 1054 1077 1086 omneS,
1290 1042 1368 1079 485

80 1131 85 1136 ,
104 1092 344 1144 Redditaque
363 1094 552 1145 Eurydice
571 1108 723 1144 superas
742 1094 916 1132 veniebat
935 1094 983 1132 ad
1001 1106 1122 1139 auras,

105 1145 210 1184 Pone
229 1160 601 1197 sequens—namque
621 1148 718 1185 hanc
737 1147 891 1185 dederat
910 1146 1136 1196 Proserpina
1153 1147 1332 1198 legem—

106 1198 235 1245 Quum
254 1200 382 1237 subita
398 1200 596 1237 incautum
615 1200 807 1238 dementia
823 1200 923 1250 cepit
942 1202 1145 1247 amantem,

105 1250 344 1301 Ignoseenda
362 1253 525 1303 quidem,
545 1254 685 1290 scirent
704 1253 735 1290 si
753 1253 945 1302 ignoscere
964 1265 1092 1290 manes
1109 1269 1118 1290 :

106 1303 282 1351 Restitit,
301 1305 595 1355 Eurydicenque
614 1318 722 1342 suam
735 1305 817 1355 jam
835 1304 918 1342 luce
937 1304 1008 1342 sub
1026 1305 1108 1354 ipsa.
1290 1305 1371 1343 490

106 1355 314 1394 Immemor
331 1357 427 1394 heu!
456 1357 654 1407 victusque
673 1357 789 1394 animi
806 1357 981 1407 respexit.
1037 1356 1100 1395 Ibi
1117 1356 1240 1395 omnis

106 1408 263 1446 Effusus
282 1409 398 1456 labor,
418 1411 532 1459 atque
550 1409 710 1447 immitis
729 1413 844 1460 rupta
861 1409 1016 1460 tyranni

107 1460 277 1508 Foedera,
295 1463 428 1512 terque
447 1462 573 1511 fragor
592 1462 737 1513 stagnis
757 1462 910 1500 auditus
928 1461 1103 1500 Avernis.

107 1513 192 1560 Illa,
212 1517 221 1533 ‘
234 1514 327 1561 Quis
346 1517 385 1552 et
403 1515 487 1561 me,'
508 1515 645 1564 inquit,
665 1519 673 1534 ‘
687 1515 872 1557 miseram,
892 1517 931 1552 et
945 1517 985 1552 tc
999 1514 1172 1565 perdidit,
1189 1512 1372 1565 Orphea?

108 1565 202 1612 Quis
219 1568 353 1604 tantus
372 1567 508 1605 furor?
528 1581 574 1605 en
593 1568 733 1605 iterum
752 1567 918 1605 crudelia
935 1570 1037 1605 retro
1292 1566 1372 1604 495

107 1617 207 1656 Fata
224 1622 372 1666 vocant,
393 1620 594 1670 conditque
613 1620 787 1658 natantia
804 1620 949 1658 lumina
967 1633 1132 1658 somnus.

107 1669 272 1721 Jamque
290 1673 392 1710 vale:
414 1673 512 1711 feror
529 1673 677 1723 ingenti
697 1673 929 1711 circumdata
949 1675 1073 1719 nocte,

107 1722 372 1775 Invalidasque
390 1726 462 1763 tibi
479 1726 651 1773 tendens,
670 1725 746 1764 heu
763 1739 840 1764 non
857 1728 937 1773 tua,
955 1725 1120 1776 palmas!

107 1774 229 1822 Dixit,
248 1779 288 1815 et
306 1790 352 1815 ex
369 1778 487 1816 oculis
505 1779 643 1825 subito,
663 1792 732 1816 ceu
750 1778 876 1816 fumus
893 1779 935 1816 in
953 1791 1062 1816 auras

107 1822 345 1868 commixtus
363 1832 507 1877 tenues,
527 1831 628 1882 fugit
647 1831 813 1878 diversa;
832 1844 952 1881 neque
970 1830 1090 1876 illum,
1293 1829 1373 1866 500

108 1879 356 1920 Prensantem
374 1883 628 1934 nequidquam
647 1884 811 1929 umbras,
831 1887 870 1922 et
889 1883 1013 1922 multa
1029 1883 1219 1922 volentem

106 1931 253 1980 Dicere,
271 1937 450 1985 proeterea
467 1936 588 1983 vidit;
615 1949 684 1975 neo
702 1937 866 1987 portitor
885 1937 975 1974 Orci

107 1985 283 2036 Amplius
302 1987 487 2038 objectam
505 2002 638 2039 passus
656 1990 816 2027 transire
835 1989 1023 2040 paludem.

107 2037 209 2084 Quid
223 2039 361 2077 faceret
377 2039 396 2078 Ρ
425 2054 500 2091 quo
518 2055 569 2089 se,
587 2044 697 2092 rapta
709 2042 767 2079 bis
786 2043 956 2093 conjuge,
977 2042 1090 2079 ferret
1107 2038 1125 2077 Ρ

107 2091 192 2137 Quo
211 2091 304 2129 fletu
322 2105 461 2139 mamm,
480 2107 555 2143 qua
571 2095 729 2132 numina
747 2108 837 2132 voce
856 2096 1024 2132 moveret
1038 2093 1057 2130 Ρ
1294 2090 1374 2130 605

106 2142 181 2181 Illa
199 2144 350 2194 quidem
370 2145 505 2195 Stygia
522 2147 638 2184 nabat
652 2148 733 2198 jam
753 2147 889 2197 frigida
908 2146 1054 2196 cymba.

105 2195 259 2249 Septem
278 2197 386 2236 inum
406 2201 510 2238 totos
528 2199 728 2250 perhibent
747 2213 792 2239 ex
811 2199 940 2238 ordine
959 2210 1105 2238 mensae

704 2265 728 2291 F

1344 515 1368 552 01
