1539 2370
513 95 754 126 GEORGICON
780 97 862 126 LIB.
882 99 912 127 1.

81 189 229 243 Quique
247 191 339 230 satis
356 191 506 243 largum
523 191 617 230 coelo
636 192 841 230 demittitis
859 193 1019 232 imbrem
1035 209 1044 227 .-

81 244 214 294 Tuque
232 245 336 293 adeo,
355 257 467 296 quem
485 258 575 283 mox
593 259 676 296 quae
694 245 772 283 sint
790 245 969 284 habitura
986 247 1141 285 deorum

82 297 260 345 Concilia,
279 298 470 338 incertum
489 301 570 346 est3
598 298 756 337 urbesne
774 299 946 347 invisere,
966 298 1102 348 Caesar,

81 349 355 402 Terrarumque
372 352 465 391 velis
486 364 625 399 curam,
645 353 685 389 et
703 354 743 390 te
761 352 948 390 maximus
967 353 1068 391 orbis

80 404 289 442 Auctorem
307 405 462 456 frugum
481 407 830 456 tempestatumque
848 407 1046 456 potentem

81 456 268 507 Accipiat,
287 458 442 509 cingens
462 461 634 497 materna
651 460 824 508 tempora
841 461 993 509 myrto3

80 509 144 547 An
162 510 253 548 deus
270 510 447 550 immensi
464 511 592 550 venias
611 511 736 558 maris,
756 524 799 549 ac
817 513 886 549 tua
904 514 1031 550 nauta)

80 561 253 601 Numina
271 564 350 603 sola
367 565 506 612 colant,
525 565 597 602 tibi
617 564 757 602 serviat
774 564 912 602 ultima
931 565 1066 611 Thule,

79 614 208 666 Teque
226 616 298 654 sibi
315 630 498 668 generum
516 618 664 667 Tethys
683 618 786 654 emat
805 618 979 655 omnibus
999 617 1134 665 undjs;

79 668 191 706 Anne
209 682 351 708 novum
369 671 488 708 tardis
507 671 610 708 sidus
629 673 670 707 te
688 670 880 707 mensibus
900 670 1026 716 addas,

79 720 164 767 Qua
180 721 284 760 locus
303 723 498 774 Erigonen
516 724 616 761 inter
636 722 844 772 Chelasque
863 726 1062 773 sequentes

80 772 292 823 Panditur3
318 775 398 826 ipse
415 776 488 814 tibi
500 776 583 827 jam
600 775 754 813 brachia
772 775 966 813 contrahit
985 776 1119 814 ardens

80 825 264 877 Scorpios,
283 830 323 866 et
342 828 426 867 coeli
438 829 546 879 justa.
562 829 646 879 plus
665 830 773 878 parte
790 828 944 878 reliquit
960 844 968 867 :

79 878 273 930 Quidquid
290 881 362 919 eris
384 882 492 931 (nam
510 884 550 920 te
568 894 636 919 nec
655 882 808 930 sperent
826 881 987 918 Tartara
1003 893 1144 931 regem,

79 931 163 970 Nec
180 933 254 970 tibi
271 935 455 983 regnandi
472 934 602 972 veniat
620 936 701 971 tam
720 933 802 970 dira
820 933 968 983 cupido,

79 984 260 1031 Quamvis
279 986 432 1037 Elysios
450 987 609 1024 miretur
628 986 774 1023 Graecia
791 998 954 1035 campos,

78 1037 121 1075 N
121 1050 162 1075 ec
180 1039 343 1088 repetita
360 1040 465 1089 sequi
482 1041 589 1077 curet
609 1038 835 1088 Proserpina
851 1037 1035 1087 matrem)

78 1089 142 1128 Da
158 1090 307 1129 facilem
325 1105 488 1139 cursum,
508 1094 622 1142 atque
641 1091 843 1128 audacibus
863 1103 986 1129 annue
1004 1089 1150 1141 coeptis,

79 1141 312 1194 Ignarosque
331 1144 402 1182 viae
419 1158 569 1184 mecum
586 1144 786 1182 miseratus
805 1145 973 1194 agrestes

78 1193 294 1245 Ingredere,
314 1199 354 1235 et
371 1198 471 1236 votis
483 1198 566 1248 jam
582 1210 684 1235 nunc
703 1209 871 1234 assuesce
889 1195 1025 1234 vocari.
1052 1203 1084 1239 γλ

130 1248 228 1287 Vere
246 1263 356 1297 novo,
375 1251 521 1301 gelidus
540 1250 641 1288 canis
661 1262 778 1300 quum
797 1249 992 1287 montibus
1010 1249 1147 1287 humor

77 1300 269 1352 Liquitur‚
288 1304 328 1340 et
346 1303 510 1353 zephyro
528 1303 651 1353 putris
671 1315 709 1340 se
728 1302 840 1352 gleba
856 1302 1023 1348 resolvit,

78 1353 266 1405 Depresso
283 1355 440 1406 incipiat
453 1356 534 1406 jam
551 1358 638 1393 tum
655 1354 752 1391 mihi
769 1356 901 1391 taurus
920 1356 1046 1392 aratro

79 1405 289 1457 Ingemere,
308 1410 348 1445 et
366 1408 468 1445 sulco
488 1407 646 1445 attritus
664 1406 920 1457 splendescere
937 1419 1078 1444 vomer.

79 1458 153 1497 Illa
169 1473 275 1510 seges
294 1460 447 1498 demum
464 1460 564 1498 votis
583 1459 785 1510 respondet
803 1459 905 1497 avan·

78 1512 277 1562 Agricolae,
294 1513 353 1551 bis
369 1526 452 1564 quae
469 1512 599 1560 solem,
617 1513 675 1550 bis
693 1512 835 1562 frigora
852 1511 993 1559 sensit3

79 1563 189 1603 Illius
207 1565 400 1604 immensae
418 1567 604 1616 ruperunt
621 1565 756 1604 hon·ea
773 1577 923 1602 messes.

129 1618 189 1655 Ae
204 1618 307 1669 prius
325 1619 503 1669 ignotum
520 1618 619 1656 ferro
637 1630 752 1669 quam
771 1617 978 1656 scindimus
997 1630 1135 1668 aequor,

77 1669 224 1708 Ventos
242 1673 282 1709 et
299 1672 447 1709 varium
465 1671 550 1710 coeli
567 1671 784 1721 praediscere
802 1683 947 1708 morem

78 1721 180 1760 Cura
196 1723 259 1771 sit,
277 1736 320 1762 ac
338 1724 480 1774 patrios
499 1723 697 1774 cultusque
715 1723 943 1774 habitusque
960 1722 1141 1770 locorum,
1161 1750 1172 1758 .

78 1775 134 1813 Et
153 1776 244 1826 quid
262 1789 418 1826 quaeque
434 1777 532 1815 ferat
549 1776 667 1827 regio,
686 1778 726 1815 et
745 1776 836 1827 quid
854 1789 1011 1826 quaeque
1029 1777 1188 1814 recuset.

78 1827 157 1866 Hic
175 1831 333 1880 segetcS,
351 1829 428 1867 illic
446 1829 605 1868 veniunt
624 1829 768 1867 felicius
787 1841 881 1877 uvae,

78 1880 237 1925 Arborei
254 1881 354 1920 fetus
364 1881 594 1932 alibi3atque
612 1882 754 1933 injussa
771 1882 964 1920 virescunt

78 1932 271 1972 Gramina.
327 1934 467 1973 Nonne
483 1935 600 1982 vides,
618 1947 766 1973 croceos
783 1936 830 1972 ut
848 1934 1005 1972 Tmolus
1025 1933 1168 1979 odores,

80 1984 194 2024 India
211 1987 338 2025 mittit
355 1988 458 2034 ebur,
476 1987 608 2026 molles
627 2000 696 2025 sua
712 1987 829 2025 thura
846 1986 989 2033 Sabaei3

78 2039 134 2076 At
154 2037 341 2090 Chalybes
359 2039 453 2078 nudi
469 2040 622 2087 ferrum,
641 2040 837 2090 virosaque
856 2039 1005 2077 Pontus

79 2091 269 2138 Castorea,
288 2091 467 2130 Eliadum
483 2092 628 2143 palmas
646 2092 784 2143 Epiros
804 2104 983 2142 equarum
998 2090 1016 2128 Ρ

81 2143 270 2182 Continuo
288 2143 357 2182 has
374 2144 476 2195 leges
493 2147 707 2196 aeternaque
725 2145 866 2183 foedera
884 2143 995 2181 certis

83 2195 270 2247 Imposuit
287 2198 425 2234 natura
440 2196 543 2243 locis,
562 2211 637 2248 quo
654 2200 824 2248 tempore
843 2195 1007 2245 primum

84 2246 287 2288 Deucalion
304 2261 466 2288 vacuum
483 2249 625 2300 lapides
636 2250 800 2300 jactavit
817 2249 858 2286 in
876 2247 1016 2296 orbem,

1292 302 1342 340 25

1291 564 1344 602 30

1291 829 1324 866 ςο

1322 829 1342 865 ι(

1287 1091 1341 1128 40

1287 1353 1338 1391 4⁵

1285 1616 1340 1655 50

1287 1879 1336 1916 3

1286 2141 1337 2180 60
