1544 2400
547 79 582 108 1³.
603 78 791 109 VIRGILII
810 77 1000 108 MARONIS

136 175 255 215 Illum
273 176 414 222 autem,
429 175 600 225 quamvis
619 174 714 214 aries
734 175 786 213 sit
799 174 980 214 candidus
1000 173 1090 225 ipsc,

135 229 262 288 Nigra
278 229 411 268 subest
429 228 504 267 udo
523 230 680 267 tantum
699 229 759 268 cui
777 228 910 279 lingua
927 227 1066 278 palato,

135 281 277 332 Refice,
296 295 344 321 ne
362 281 518 320 maculis
537 282 701 320 infuscet
719 281 856 320 vellera
873 281 986 332 pullis

134 335 398 382 Nascentum3
425 335 612 386 plenoque
631 335 748 373 alium
767 334 1011 385 circumspice
1026 347 1171 385 campo.
1331 333 1410 372 390

134 388 294 427 Munere
313 388 366 427 sic
385 388 495 426 niveo
513 388 622 434 lanae,
641 388 673 426 si
692 388 840 426 credere
859 387 1020 438 dignum
1039 389 1110 434 est,

135 440 219 479 Pan
238 441 331 480 deus
349 441 524 479 Arcadiae
543 443 694 491 captam
712 443 764 487 te,
783 440 906 487 Luna,
926 440 1070 486 fefellit,

135 493 185 532 In
203 507 358 532 nemora
376 494 455 532 alta
471 507 609 532 vocans
624 511 632 541 ;
661 507 729 531 nec
747 496 794 531 tu
813 495 1012 543 aspernata
1029 494 1242 531 vocantem.

187 548 244 585 At
263 547 325 585 cuj
342 547 452 585 lactis
470 560 587 593 amor,
607 547 773 598 cytisum
791 547 963 596 lotosque
978 547 1193 596 frequentes

135 599 224 650 Ipse
243 612 360 638 manu
378 600 567 650 salsasque
586 599 683 638 serat
701 599 932 650 praesepibus
951 599 1098 637 herbas.
1328 599 1405 637 390

134 652 241 691 Hinc
259 655 300 691 et
317 655 448 691 amant
467 653 603 691 fluvios
622 653 755 703 magiS,
777 656 815 691 et
836 652 958 703 magis
976 652 1093 690 ubera
1110 651 1289 700 tendunt,

134 706 190 744 Et
209 706 298 744 salis
316 706 510 745 occultum
530 706 700 744 referunt
719 706 759 744 in
777 705 876 744 lacte
895 718 1078 755 saporem.

133 758 257 798 Multi
268 759 352 810 jam
369 762 538 798 excretos
558 758 762 809 prohibent
781 772 804 796 a
821 758 1010 796 matribus
1028 757 1170 804 haedos,

133 811 339 862 Primaque
357 812 506 850 ferratis
525 812 732 863 praeligunt
751 825 817 849 ora
835 811 1019 862 capistris.

133 864 247 911 Quod
264 866 444 916 surgente
462 865 522 903 die
541 865 704 903 mulsere
723 865 900 914 horisque
919 864 1076 910 diurnis,
1328 865 1406 902 400

133 917 260 956 Nocte
278 920 458 969 premunt
475 934 482 965 ;
511 918 613 968 quod
625 918 707 969 jam
726 918 892 956 tenebris
911 920 950 955 ct
969 917 1045 955 sole
1064 917 1232 963 cadente,

133 970 214 1009 Sub
232 971 357 1010 lucem
375 973 578 1021 exportans
597 971 756 1009 calathis
777 971 857 1008 adit
875 970 1014 1020 oppida
1031 972 1182 1020 pastor;

133 1024 216 1061 Aut
234 1037 346 1074 parco
366 1024 442 1062 sale
461 1024 705 1074 contingunt,
726 1023 917 1073 hiemique
935 1025 1139 1074 reponunt.

185 1076 270 1115 Nec
287 1077 361 1116 tibi
379 1090 470 1116 cura
487 1089 626 1115 canum
644 1077 759 1115 suerit
778 1080 991 1127 postrema:
1021 1076 1086 1114 sed
1105 1089 1183 1113 una

133 1129 290 1168 Veloces
309 1130 457 1181 Spartae
475 1130 622 1168 catulos
641 1142 838 1179 acremque
858 1129 1073 1167 Molossum
1327 1130 1404 1168 405

134 1182 252 1222 Pasce
270 1196 352 1222 sero
369 1183 515 1234 pingui.
571 1183 782 1233 Nunquam
801 1182 1023 1220 custodibus
1042 1181 1115 1219 illis

134 1235 380 1274 Nocturnum
399 1235 559 1274 stabulis
579 1237 701 1274 furem
719 1235 968 1286 incursusque
987 1235 1176 1286 luporum,

133 1289 216 1326 Aut
234 1289 442 1339 impacatos
461 1302 484 1326 a
501 1291 611 1339 tergo
630 1288 799 1327 horrebis
819 1288 996 1326 Hiberos.

133 1341 240 1392 Soepe
259 1342 376 1380 etiam
395 1355 509 1380 cursu
528 1342 683 1380 timidos
703 1341 866 1393 agitabis
885 1354 1058 1390 onagros,

134 1394 189 1432 Et
208 1395 364 1433 canibus
382 1395 559 1446 leporem,
579 1395 734 1433 canibus
753 1394 935 1433 venabere
955 1395 1084 1432 damas
1100 1409 1109 1432 ι
1327 1395 1406 1432 410

133 1447 240 1498 Saepe
258 1448 468 1486 volutabris
488 1448 616 1499 pulsos
636 1448 872 1486 silvestribus
892 1461 1001 1498 apros

133 1500 298 1539 Latratu
316 1501 489 1539 turbabis
508 1514 634 1552 agens,
654 1503 878 1550 montesque
896 1514 962 1550 per
980 1500 1077 1538 altos

134 1553 339 1603 Ingentem
359 1554 520 1592 clamore
539 1567 684 1605 premes
704 1554 751 1592 ad
770 1554 867 1592 retia
885 1566 1050 1591 cervum.

186 1607 300 1645 Disce
319 1609 358 1646 ct
377 1607 572 1646 odoratam
592 1607 752 1645 stabulis
771 1606 970 1645 accendere
989 1606 1157 1653 cedrum,

105 1694 111 1699 .
134 1660 401 1710 Galbaneoque
419 1660 564 1710 agitare
582 1674 716 1710 graves
735 1660 864 1698 nidore
878 1659 1089 1710 chelydros.
1328 1659 1404 1695 415

134 1713 242 1762 Saepc
261 1713 332 1750 sub
351 1713 521 1750 immotis
541 1713 772 1762 proesepibus
791 1715 860 1750 aut
878 1712 978 1750 mala
995 1714 1104 1749 tactu

135 1764 274 1815 Vipera
293 1765 457 1812 delituit,
478 1766 690 1814 coelumque
710 1765 891 1803 exterrita
909 1764 1033 1813 sugit;

135 1818 218 1856 Aut
237 1819 341 1856 tecto
361 1821 534 1856 assuetus
553 1818 704 1856 coluber
723 1818 919 1855 succedere
939 1822 978 1855 et
998 1816 1153 1862 unibrae,

136 1871 262 1909 Pestis
280 1871 413 1909 acerba
430 1871 557 1916 boum,
577 1872 774 1921 pecorique
794 1883 989 1921 aspergere
1008 1869 1122 1915 virus,

137 1924 253 1962 Fovit
271 1923 444 1962 humum.
500 1925 601 1974 Cape
621 1938 707 1961 saxa
728 1937 854 1970 manu,
873 1936 962 1973 cape
981 1922 1125 1968 robora,
1145 1924 1286 1973 pastor,
1329 1924 1406 1961 420

135 1977 423 2027 Tollentemque
442 1976 562 2014 minas
581 1980 620 2013 et
639 1977 748 2014 sibila
766 1976 861 2014 colla
873 1978 1086 2013 tumemom

136 2030 288 2081 chice;
311 2030 464 2081 =iamque
485 2030 574 2080 suga
593 2030 771 2066 timidum
791 2030 905 2079 caput
925 2028 1069 2066 abdidit
1090 2028 1177 2076 alte,

137 2086 263 2130 Quum
284 2083 398 2122 medii
417 2096 534 2120 nexus
553 2085 806 2132 extremoeqnc
825 2081 977 2132 agmina
996 2081 1124 2119 eandm

137 2136 356 2183 Solvuntur,
375 2138 577 2186 tardosque
596 2135 717 2173 trahit
736 2135 839 2172 sinus
859 2134 1018 2172 ultimus
1038 2135 1158 2173 orbes.

137 2189 210 2227 Est
229 2189 342 2227 ctiam
364 2189 424 2226 ille
445 2189 564 2226 nialus
585 2187 751 2226 Calabris
771 2188 807 2225 in
828 2187 987 2225 saltibus
1008 2188 1154 2240 unguis,
1330 2187 1408 2226 426

136 2242 322 2293 Squameu
340 2242 565 2281 convolvens
584 2242 732 2280 sublato
751 2243 901 2294 pectore
920 2245 1039 2293 terga,
