1539 2370
541 75 781 103 GEORGICON
800 76 881 102 Lm.
903 73 950 102 ῙῘ.

108 166 186 210 Hie
205 171 335 221 stupet
354 170 542 208 attonitus
561 170 716 217 rostris3
744 170 846 208 hune
864 170 1016 220 plausus
1035 170 1204 209 hiantem

108 223 183 261 Per
202 236 338 262 euneos
357 222 574 274 geminatus
593 223 695 261 enim
713 223 905 274 plebisque
924 225 1150 273 patrumque

109 275 323 326 Corripuit3
350 276 520 326 gaudent
538 276 679 326 perfusi
698 276 882 326 sanguine
900 275 1074 323 fratrum,

108 327 326 378 Exsilioque
345 329 477 366 domos
496 331 535 367 et
554 329 678 366 dulcia
694 329 826 366 limina
843 330 1010 375 mutant,

108 380 237 431 Atque
255 381 329 419 alio
348 381 512 431 patriam
531 383 707 431 quaerunt
726 382 796 419 sub
816 381 892 419 sole
906 382 1109 432 jacentem.

107 433 288 483 Agricola
304 433 461 472 incurvo
479 436 621 472 terram
640 434 802 472 dimovit
821 436 968 472 aratro:

107 485 214 524 Hinc
233 487 322 523 anni
340 487 466 533 lab0r3
493 487 583 524 hinc
600 487 763 537 patriam
782 500 990 536 parvosque
1008 488 1164 537 nepotes

109 538 293 583 Sustinet,
331 539 421 577 hinc
439 542 612 577 armenta
628 540 743 577 boum
762 540 992 589 meritosque
1005 540 1199 590 juvencos.

108 591 150 629 N
151 604 192 629 ec
210 592 366 640 requies,
386 592 477 641 quin
495 595 562 630 aut
580 593 702 643 pomis
720 592 899 630 exuberet
917 606 1049 639 annus,

109 644 192 681 Aut
209 643 291 682 fetu
309 657 498 694 pecorum,
518 647 585 683 aut
604 645 765 683 Cerealis
784 645 948 695 mergite
967 645 1093 691 culmi,

110 695 379 746 Proventuque
399 700 530 736 oneret
548 698 671 736 sulcos
702 700 816 747 atque
834 697 969 735 horrea
985 698 1126 735 vincat.

109 748 228 786 Venit
246 749 389 787 hiems:
417 750 556 788 teritur
575 750 751 801 Sicyonia
769 751 883 788 bacca
899 750 1058 801 trapetis
1073 767 1081 797 ;

111 800 258 840 Glande
276 815 360 840 sues
378 802 457 840 laeti
476 803 635 840 redeunt
650 819 658 850 ;
686 803 780 840 dant
799 803 935 841 arbuta
953 803 1077 849 silvae3

111 853 167 892 Et
184 855 307 892 varios
325 855 434 905 ponit
452 855 552 893 setus
571 857 811 902 auctumnus,
826 857 866 893 et
880 856 956 892 alte

110 906 219 944 Mitis
238 908 279 945 in
296 908 430 958 apricis
450 908 625 957 coquitur
638 908 829 945 vindemia
847 908 956 945 saxis.

112 958 268 997 Interea
285 960 410 998 dulces
429 961 596 1010 pendent
615 960 755 998 circum
774 961 901 998 oscula
918 960 1022 1006 nati;

113 1010 230 1049 Casta
246 1012 469 1062 pudicitiam
487 1014 613 1050 servat
631 1013 764 1050 domus
779 1029 787 1059 ;
814 1012 930 1050 ubera
949 1025 1069 1050 vaccae

113 1063 256 1102 Lactea
273 1065 506 1103 demittunt:
534 1065 766 1116 pinguesque
784 1064 825 1101 in
843 1064 1015 1115 gramine
1032 1065 1119 1102 laeto

113 1115 224 1155 Inter
243 1130 281 1155 se
301 1117 465 1155 adversis
483 1118 680 1155 luctantur
698 1117 873 1155 cornibus
898 1117 1008 1154 haedi.

114 1167 203 1219 Ipse
221 1169 300 1208 dies
318 1170 442 1220 agitat
461 1169 576 1208 festos
591 1186 599 1217 ;
626 1170 805 1219 fususque
824 1182 891 1219 per
908 1170 1076 1216 herbam,

114 1220 224 1271 Ignis
241 1223 308 1260 ubi
328 1223 369 1260 in
386 1222 522 1269 medio,
541 1225 581 1260 et
599 1223 690 1261 socii
708 1224 853 1260 cratera
871 1224 1065 1268 coronant,

114 1273 170 1312 Te
187 1275 320 1322 libans,
340 1275 486 1321 Lenaee,
504 1278 615 1313 vocat
632 1291 640 1322 ;
667 1275 884 1324 pecorisque
903 1274 1096 1324 magistris

114 1325 263 1366 Velocis
276 1327 392 1378 jaculi
411 1328 617 1365 certamina
634 1327 743 1377 ponit
761 1327 801 1363 in
819 1326 934 1371 ulmo,

116 1377 356 1430 Corporaque
375 1380 516 1429 agresti
533 1379 681 1416 nudant
699 1378 872 1428 praedura
888 1377 1075 1427 palaestra.

117 1429 231 1471 Hanc
251 1432 340 1469 olim
359 1434 504 1469 veteres
523 1432 643 1468 vitam
663 1431 808 1469 coluere
825 1430 958 1468 Sabini
974 1446 982 1475 3

118 1487 232 1524 Hanc
251 1484 395 1522 Remus
414 1486 454 1522 et
471 1484 609 1530 srater3
636 1484 689 1521 sic
708 1483 817 1520 fortis
836 1482 995 1520 Etruria
1013 1481 1155 1529 crevit3

118 1537 269 1577 Scilicet
287 1538 327 1574 et
345 1549 470 1574 rerum
488 1537 589 1574 sacta
607 1538 666 1574 est
683 1535 936 1586 pulcherrima
955 1534 1090 1582 Roma,

119 1591 345 1640 Septemque
362 1602 439 1626 una
456 1589 527 1626 sibi
545 1602 653 1626 muro
673 1587 921 1626 circumdedit
942 1599 1056 1625 arces.

119 1644 223 1682 Ante
241 1642 356 1680 etiam
375 1644 566 1691 sceptrum
586 1641 726 1678 Dictaei
744 1640 855 1689 regis,
875 1642 915 1677 et
934 1642 1023 1677 ante

120 1695 247 1745 Impia
264 1707 376 1745 quam
396 1694 501 1731 caesis
526 1707 619 1744 gens
638 1695 696 1731 est
715 1693 868 1742 epulata
879 1692 1066 1741 juvencis,

123 1749 271 1786 Aureus
289 1747 386 1784 hanc
404 1746 524 1784 vitam
542 1746 582 1783 in
600 1746 711 1783 terris
730 1746 916 1783 Sassumus
935 1744 1084 1794 agebat.

118 1799 291 1839 Necdum
311 1799 424 1836 etiam
445 1798 642 1836 audierant
660 1798 783 1835 inflari
801 1797 965 1842 classica,
984 1796 1144 1834 necdum

118 1851 323 1902 Impositos
343 1851 445 1888 duris
464 1851 646 1901 crepitare
664 1850 863 1888 incudibus
882 1862 1000 1886 enses.

171 1903 246 1943 Sed
262 1916 330 1941 nos
349 1904 575 1942 immensum
595 1902 726 1952 spatiis
746 1901 973 1939 confecimus
992 1913 1130 1951 aequor,

120 1956 176 1995 Et
189 1957 269 2007 jam
282 1957 432 2007 tempus
447 1969 584 2006 equum
601 1954 788 1992 fumantia
806 1954 948 1992 solvere
963 1953 1068 1991 colla.

1298 277 1376 314 510

1299 540 1375 576 515

1301 1064 1377 1102 525

1304 1325 1382 1363 530

1305 1587 1382 1624 535

1305 1846 1384 1884 640
