1539 2370
526 71 764 101 GEORGICON
783 72 865 101 mn.
886 73 934 102 11.

93 166 162 207 Nil
180 167 318 206 radicis
338 169 453 218 egent
471 166 563 211 aliae,
604 181 870 218 summumque
888 170 1044 219 putator

91 220 212 259 Haud
229 220 381 259 dubitat
399 223 508 258 terrae
527 220 689 259 referens
709 222 887 259 mandare
907 235 1097 261 cacumen.

91 273 194 320 Quin
214 275 254 312 et
272 273 488 312 caudicibus
507 274 631 320 sectis,
651 274 820 312 mirabile
839 274 956 322 dictu,
1309 277 1360 317 30

91 325 277 364 Truditur
295 339 316 364 e
335 326 432 364 sicco
451 326 557 364 radjx
576 326 747 377 oleagina
765 327 883 378 ligno.

90 378 146 416 Et
165 392 260 429 saepe
279 379 433 417 alterius
451 392 574 417 ramos
593 379 747 430 impune
766 380 937 418 videmus

88 430 246 470 Vertere
264 432 304 469 in
323 432 489 481 alterius,
528 435 792 483 mutatamque
810 432 927 471 insita
945 433 1045 471 mala

89 483 203 522 Ferre
220 485 357 535 pirum,
377 487 416 523 et
434 485 564 536 prunis
584 485 751 536 lapidosa
769 487 964 524 rubescere
983 500 1106 524 corna.

140 537 264 584 Quare
282 538 395 588 agite,
405 551 437 584 o,
456 538 624 588 proprios
645 540 855 589 generatim
875 539 1007 577 discite
1026 540 1163 587 cultuS,
1305 540 1356 579 30

86 589 290 640 Agricolae,
309 591 530 641 fructusque
548 591 645 629 seros
665 591 810 630 mollite
830 591 986 630 colendo
1003 609 1011 638 ;

86 642 176 680 Neu
194 656 327 694 segnes
340 643 493 693 jaceant
511 646 632 681 tcrrae.
689 644 812 682 Juvat
831 644 979 682 Ismara
997 645 1149 683 Baccho

86 694 301 742 Conserere,
321 699 435 746 atque
454 696 534 734 olea
552 710 735 748 magnum
753 697 892 735 vestire
912 697 1145 735 Taburnum.

85 746 218 798 Tuque
237 748 335 794 ades,
355 749 622 799 inceptumque
642 763 718 787 uua
735 750 888 788 decurre
907 749 1085 797 laborem,

85 799 119 837 Ο
138 801 262 848 decus,
282 814 305 839 o
323 802 436 839 famae
455 802 592 839 merito
611 816 696 853 pars
715 802 880 840 maxima
897 805 1050 850 nostrae,
1297 804 1351 842 40

83 852 284 901 Maecenas,
303 853 510 905 pelagoque
527 855 658 892 volans
678 855 724 892 da
742 856 825 893 vela
842 856 1002 905 patenti.

82 904 176 944 Non
194 919 264 957 ego
283 909 421 944 cuneta
438 907 531 945 meis
553 908 732 958 amplecti
750 908 918 946 versibus
941 910 1053 958 opto;

81 956 186 1005 Non,
204 959 301 997 mihi
319 959 351 996 si
368 959 506 1010 linguae
525 962 679 997 centum
699 960 788 1005 sint,
808 973 945 1011 oraque
964 963 1130 1008 centum,

83 1008 222 1049 Ferrea
238 1025 333 1050 vox:
363 1012 460 1058 acles,
481 1014 520 1050 et
538 1013 649 1063 primi
668 1013 750 1063 lege
768 1013 888 1051 litoris
909 1026 1025 1050 oram.

82 1061 132 1100 In
150 1064 324 1102 manibus
342 1066 473 1102 terrae:
502 1078 578 1103 non
597 1065 658 1103 hic
676 1068 716 1103 te
735 1066 898 1103 carmine
917 1065 1008 1103 fleto
1297 1066 1349 1104 40

80 1117 211 1167 Atque
228 1130 295 1168 per
313 1117 490 1167 ambages
509 1119 549 1155 et
566 1118 681 1168 longa
699 1131 829 1156 exorsa
846 1118 995 1156 tenebo.

133 1169 278 1220 Sponte
297 1182 365 1207 sua
383 1184 463 1219 quae
483 1183 522 1208 se
540 1171 684 1208 tollunt
703 1171 742 1208 in
762 1171 915 1208 luminis
935 1184 1029 1218 oras,

81 1221 291 1260 Insecunda
309 1222 472 1273 quidem,
492 1223 556 1261 scd
575 1223 664 1261 laeta
683 1226 722 1261 et
741 1224 855 1261 sortia
873 1226 1058 1274 surgunt3

80 1274 227 1325 Quippe
247 1275 325 1313 solo
345 1277 482 1313 natm-a
500 1276 640 1313 subest.
697 1276 840 1313 Tamen
860 1276 938 1314 haec
959 1289 1116 1326 quoque,
1133 1276 1256 1327 siquis

80 1325 241 1373 Inserat,
261 1330 328 1365 aut
347 1328 539 1365 scrobibus
558 1329 715 1365 mandet
734 1331 884 1365 mutata
906 1329 1082 1374 subactis,
1297 1330 1346 1366 50

79 1379 269 1418 Exuerint
288 1380 498 1417 silvestrem
517 1380 694 1427 animum,
740 1381 918 1430 cultuque
937 1381 1125 1430 frequenti

80 1431 129 1470 In
148 1445 401 1482 quascumque
420 1445 528 1471 voces
549 1435 648 1470 artes
667 1433 769 1470 haud
787 1434 896 1470 tarda
915 1436 1130 1483 sequentur.

79 1484 120 1523 N
121 1498 163 1522 eo
181 1498 256 1523 non
276 1487 315 1523 et
334 1485 484 1531 sterilis,
504 1499 585 1535 quae
605 1486 786 1535 stirpibus
805 1487 883 1523 exit
902 1486 949 1523 ab
964 1486 1059 1532 imis,

79 1537 168 1575 Hoc
186 1537 309 1584 saciet,
328 1550 465 1575 vacuos
485 1538 516 1575 si
535 1538 586 1575 sit
606 1538 754 1588 digesta
772 1552 837 1588 per
856 1552 964 1588 agros
981 1553 990 1576 τ

78 1589 121 1627 N
121 1603 194 1628 une
212 1589 297 1628 altae
316 1590 466 1628 frondes
485 1592 525 1627 et
543 1591 638 1628 rami
657 1591 789 1628 matris
804 1593 975 1641 opacant,
1294 1591 1344 1628 55

79 1641 344 1693 Crescentique
364 1643 538 1680 adimunt
558 1644 670 1689 setus,
690 1647 880 1694 ruuntque
899 1645 1094 1682 serentem.

80 1694 108 1732 J
109 1708 182 1740 am,
201 1708 285 1746 quae
306 1695 510 1733 seminibus
523 1696 637 1746 jactis
656 1709 695 1734 se
714 1696 871 1733 sustulit
890 1697 1010 1742 arbos,

80 1746 204 1784 Tarda
221 1747 337 1793 venit,
357 1747 447 1784 seris
466 1748 612 1786 factura
629 1750 830 1799 nepotibus
849 1750 1044 1796 u1nb1·am;

80 1798 272 1850 Pomaque
290 1799 520 1849 degenerant
539 1814 646 1839 sucos
661 1802 779 1839 oblita
797 1802 952 1852 prioreS‚

79 1850 136 1889 Et
152 1853 282 1902 turpes
301 1853 432 1889 avibus
452 1854 619 1903 praedam
638 1854 712 1892 fert
730 1867 805 1891 uva
822 1868 999 1892 racemos.
1290 1849 1341 1888 60

131 1904 282 1942 Scilicet
301 1905 475 1943 omnibus
494 1908 552 1944 est
571 1907 676 1944 labor
694 1907 977 1957 impendendus,
997 1907 1036 1944 et
1055 1917 1183 1943 omnes

80 1957 269 2007 Cogendae
286 1957 327 1994 iu
345 1957 502 2005 sulcum,
522 1972 564 1996 ae
582 1959 706 1997 multa
722 1960 891 1998 mercede
910 1958 1118 1997 domandae.

79 2010 154 2048 Sed
170 2009 315 2047 truncis
333 2009 425 2047 oleae
443 2010 587 2056 melius,
601 2013 806 2062 propagine
824 2012 922 2050 vites

80 2061 339 2112 Respondent,
357 2062 475 2100 solido
496 2062 652 2114 Paphiae
670 2065 716 2102 de
735 2065 866 2103 robore
885 2065 1034 2113 myrtus
1049 2078 1056 2086 ·

81 2114 229 2153 Plantis
247 2116 287 2152 et
305 2114 409 2151 dureo
429 2114 545 2152 coruli
562 2119 780 2162 nascuntur,
800 2119 839 2155 et
856 2117 990 2166 ingens
1288 2111 1337 2150 65

80 2166 278 2213 Fraxinus,
298 2166 570 2217 Herculeaeque
588 2170 696 2208 arbos
715 2170 891 2207 umbrosa
910 2179 1068 2214 coronae,

80 2219 311 2272 Chaoniique
329 2219 446 2270 patris
465 2219 642 2270 glandes3
671 2222 784 2262 etiam
806 2221 920 2260 ardua
938 2220 1063 2271 palma
