1544 2400
523 106 559 135 1³.
579 105 767 135 vmonu
785 105 975 136 nummu

113 202 170 241 Et
187 203 240 249 te,
259 201 422 251 Bacche,
441 203 581 242 vocant
600 215 667 254 per
685 202 854 242 carmina
869 202 970 253 laeta,
989 202 1137 256 tibique

112 255 255 294 oscilla
271 269 318 295 ex
336 255 416 295 alta
432 256 671 308 suspendunt
688 256 819 295 mollia
839 256 944 307 pinu.

112 308 220 348 Hinc
239 308 362 348 omnis
380 309 488 359 luigo
506 310 681 361 pubescit
699 310 810 348 vinea
827 310 932 357 setu3
1307 311 1390 352 390

113 361 364 414 Complentur
382 363 573 414 vallesque
591 376 692 403 cavae
711 363 905 414 saltusque
919 363 1110 414 profundi,

113 415 169 454 Et
187 429 425 467 quocumque
444 417 535 454 deus
555 416 698 455 circum
716 418 831 467 caput
850 416 931 467 egit
949 416 1166 456 honestum.

115 468 220 520 Ergo
238 469 312 508 rite
330 483 443 508 suum
461 469 615 508 Baccho
634 469 801 508 dicemus
820 469 1003 508 honorem

116 521 354 560 Carminibus
373 522 518 572 patriiS,
538 523 736 574 lancesque
755 525 796 561 ct
813 522 891 560 liba
908 522 1095 571 feremus3

117 574 168 613 Et
186 575 324 614 duetus
343 589 462 614 cornu
480 576 599 614 stabit
618 589 722 615 sacer
738 575 867 614 hircus
886 575 935 613 ad
952 589 1068 623 aram,
1307 577 1387 616 395

116 627 351 679 Pinguiaque
368 629 410 667 in
428 629 578 667 veribus
597 628 826 668 torrebimus
845 630 934 667 exta
952 629 1129 667 columis.

164 681 241 720 Est
259 682 377 720 etiam
397 682 460 720 ine
478 682 585 720 labor
603 682 778 721 curandis
797 682 941 720 vitibus
961 682 1070 729 alter,

114 734 185 772 Cui
202 749 399 786 nunquam
418 735 593 774 exhausti
612 735 705 774 satis
723 737 805 775 est:
832 748 998 786 namque
1016 747 1128 774 omne
1143 734 1347 785 quotannis

113 787 260 839 Terque
279 793 486 838 quaterque
506 789 628 826 solum
647 788 907 836 scindendum,
926 788 1111 839 glebaque
1129 788 1245 827 versis

115 840 318 879 AEternum
335 841 544 892 frangenda
561 842 803 889 bidentibus3
831 854 943 880 omne
961 841 1165 879 levandum
1307 842 1388 880 400

115 894 265 933 Fronde
283 907 440 941 nemus;
467 894 567 932 redit
586 894 759 945 agricolis
777 895 885 933 labor
903 896 1010 933 actus
1029 894 1071 932 in
1090 894 1231 943 orbern,

114 948 242 999 Atque
260 947 301 986 in
319 961 359 986 se
377 960 446 986 sua
463 960 531 999 per
548 947 712 999 vestigia
729 947 899 986 volvitur
917 960 1050 985 annus.

113 1001 170 1039 Ac
184 1001 265 1052 jam
283 1001 386 1048 olim,
406 1014 506 1039 seras
523 1001 652 1051 posuit
667 1014 786 1052 quum
803 1000 915 1039 vinea
931 1000 1096 1049 frondes,

115 1053 293 1106 Frigidus
312 1056 352 1092 et
371 1054 474 1092 silvis
493 1054 618 1105 aquilo
637 1054 803 1093 decussit
820 1054 1028 1102 honorem3

116 1106 140 1144 J
143 1120 205 1145 am
222 1109 310 1146 tum
328 1120 412 1146 acer
431 1120 538 1146 curas
556 1107 774 1146 venientem
793 1107 966 1145 extendit
984 1107 1026 1145 in
1044 1119 1187 1145 annum
1307 1107 1386 1145 405

116 1159 310 1208 Rusticus,
329 1162 370 1199 ct
388 1173 503 1199 curvo
522 1160 679 1198 Saturni
697 1161 811 1199 dente
829 1160 1002 1199 relictam

116 1213 361 1264 Persequitur
377 1214 498 1252 vitem
519 1214 736 1261 attondens,
755 1213 943 1264 fingitque
964 1213 1147 1264 putando.

116 1266 266 1304 Primus
284 1267 446 1304 humum
464 1267 597 1313 fodito,
604 1267 748 1318 primus
767 1267 924 1305 devecta
941 1268 1109 1305 cremato

116 1320 325 1367 Sarmenta,
345 1322 385 1358 et
403 1319 521 1359 vallos
540 1320 686 1371 primus
704 1321 774 1358 sub
792 1321 898 1359 tecta
914 1319 1077 1366 refert03

116 1371 337 1412 Postremus
356 1373 506 1412 metito.
562 1373 631 1411 Bis
650 1374 794 1412 vitibus
812 1372 960 1423 ingruit
978 1372 1136 1421 umbra3
1310 1373 1390 1412 410

115 1425 184 1465 Bis
203 1428 373 1478 segetem
392 1426 518 1465 densis
537 1426 734 1465 obducunt
753 1427 924 1465 sentibus
943 1425 1070 1464 herbae
1088 1442 1097 1473 ;

117 1478 245 1518 Durus
264 1481 424 1530 uterque
442 1479 559 1518 labor.
615 1479 790 1518 Laudato
807 1478 982 1531 ingentia
998 1491 1097 1525 rura,

116 1533 312 1584 Exiguum
330 1533 458 1572 colito.
512 1532 598 1572 Nee
616 1546 694 1572 non
712 1533 829 1571 etiam
848 1544 979 1583 aspera
996 1531 1096 1570 rusci

117 1585 272 1624 Vimina.
288 1599 355 1638 per
373 1586 520 1634 silvam,
539 1588 579 1625 et
597 1586 688 1638 ripis
706 1585 867 1624 fluvialis
886 1584 1031 1624 arundo

118 1638 298 1688 Caeditur,
318 1639 528 1690 incultique
547 1641 696 1678 exercet
715 1652 805 1678 cura
823 1638 960 1677 salicti.
1309 1637 1386 1673 415»

118 1691 144 1729 J
147 1705 210 1730 am
227 1692 367 1731 vinctae
385 1693 495 1739 vites,
509 1692 591 1744 jam
611 1693 744 1731 sulcem
764 1692 920 1730 arbusta
936 1691 1135 1742 reponunt,

118 1743 145 1782 J
147 1758 210 1784 am
229 1746 332 1784 canit
350 1748 540 1784 extremos
559 1746 694 1785 effetus
712 1746 856 1784 vinitor
873 1746 1004 1783 antes:

120 1798 366 1837 Sollicitanda
382 1801 513 1837 tamen
531 1799 656 1846 tellus,
674 1799 873 1850 pulvisque
891 1795 1109 1839 movendus

124 1851 175 1890 131:
187 1851 270 1903 jam
287 1851 448 1890 maturis
466 1852 694 1890 metuendus
713 1851 870 1902 Jupiter
887 1850 983 1889 uvis.

171 1904 318 1946 Contra.
335 1917 411 1944 non
430 1904 507 1943 ulla
520 1908 580 1944 est
598 1905 689 1944 oleis
708 1905 869 1952 cultura,
883 1915 1005 1954 neque
1024 1900 1098 1939 illm
1313 1902 1392 1940 2120

121 1958 353 1998 Procurvam
371 1960 593 2009 exspectant
611 1958 744 1997 falcem
763 1960 979 2008 rastrosque
996 1958 1160 2001 tenaces,

123 2014 248 2060 ⁴Quum
266 2011 382 2051 semel
404 2011 597 2050 haeserunt
615 2012 714 2050 arvis
733 2023 915 2061 aurasque
936 2008 1122 2046 tulerunt.

127 2065 213 2116 Ipsa
229 2064 323 2104 satis
341 2064 467 2112 tellus,
487 2077 604 2116 quum
623 2064 738 2103 dente
756 2063 963 2102 recluditur
981 2075 1091 2106 unco,

125 2118 269 2158 sufficit
287 2119 498 2166 humorem,
517 2120 558 2156 ct
575 2118 762 2168 gravidas,
781 2130 869 2155 cum
887 2128 1049 2160 vomere,
1069 2115 1208 2165 fruges.

125 2170 210 2209 1100
229 2171 411 2221 pinguem
429 2174 470 2210 ct
488 2171 667 2222 placitam
687 2170 777 2209 Paci
797 2169 965 2207 nutritor
983 2168 1136 2206 olivam.
1313 2166 1392 2206 426

176 2223 297 2261 Poma
315 2238 474 2275 quoque,
493 2227 539 2263 ut
558 2224 722 2275 primum
741 2225 896 2261 truncos
917 2234 1064 2261 sensere
1078 2220 1247 2260 valentes

126 2275 179 2315 Et
198 2276 294 2314 vires
314 2278 476 2316 habuere
496 2291 593 2327 suaS,
613 2277 660 2317 ad
678 2276 800 2317 sidera
819 2275 958 2328 raptim
