1544 2400
533 95 565 122 P.
586 92 774 124 uuonan
793 93 980 124 MAnoms

120 188 269 228 Vellera
288 189 489 229 mutentur
506 189 643 242 Tyrios
661 190 812 229 incocta
829 189 996 230 rubores.

120 241 284 283 Densior
302 243 392 282 hino
411 243 570 292 suboles,
589 244 679 282 hinc
697 243 795 295 largi
813 243 921 294 copia
941 243 1074 283 lactis:

121 295 245 344 Quam
263 296 386 348 magis
405 296 589 335 exhausto
607 296 841 348 spumaverit
859 297 973 336 ubere
991 297 1168 343 mulctra,

120 347 231 388 Laeta
248 350 371 400 magis
389 350 526 401 pressis
545 350 757 388 manabunt
775 349 933 388 flumina
952 350 1139 390 mammis.

119 401 203 440 Nec
221 402 347 441 minus
365 402 511 442 interea
528 403 662 441 barbas
680 403 889 454 incanaque
908 406 1039 442 menta

120 453 301 506 Cinyphii
319 456 482 494 tondent
503 456 600 494 hirei
619 458 806 507 saetasque
825 459 1021 495 comantes

121 507 245 545 Usum
263 508 303 545 in
325 510 547 556 castrorum,
567 511 606 547 et
625 509 770 547 miseris
784 509 972 547 velamina
990 509 1129 548 nautis.

121 560 336 600 Pascuntur
354 574 442 600 vero
462 561 574 599 silvas
594 564 633 599 et
652 575 801 600 summa
825 561 956 612 Lycaei

120 613 410 665 Horrentesque
427 615 541 653 rubos
574 617 614 653 et
633 617 804 653 amantes
823 615 940 653 ardua
958 615 1114 654 dumos:

125 667 249 718 Atque
267 668 360 718 ipsae
378 680 563 706 memores
582 668 742 706 redeunt
761 668 801 705 in
820 670 935 715 tecta,
955 681 1116 719 suosque

123 719 292 768 Ducunt,
312 723 351 759 et
366 720 522 771 gravido
542 723 722 772 superant
735 721 799 758 vix
816 721 930 760 ubere
948 721 1077 760 limen.

120 772 226 824 Ergo
245 774 349 812 omni
368 773 495 812 studio
515 773 676 824 glaciem
694 775 903 825 ventosque
922 774 1076 823 nivales,

120 825 204 873 Quo
221 825 347 864 minor
365 829 424 865 est
441 826 517 864 iuis
535 839 635 865 eurae
654 827 825 865 mortalis
845 829 1006 877 egestas,

120 878 294 927 Avertes‚
312 878 534 929 victumque
553 879 648 918 feres
667 882 707 917 et
726 880 856 930 virgea
873 879 986 918 laetus

121 930 268 970 Pabula
282 947 292 980 ;
318 944 389 971 nec
407 934 493 970 tota
511 931 661 970 claudes
681 932 824 971 soenffia
841 933 986 971 bruma.

121 985 176 1022 At
193 997 283 1024 vero
314 985 488 1037 zephyris
509 999 627 1036 quum
645 985 739 1023 laeta
755 985 980 1025 vocantibus
1000 986 1114 1023 aestas

122 1037 169 1074 In
189 1037 309 1076 saltus
327 1040 532 1088 utrumque
551 1052 707 1090 gregem
727 1039 840 1088 atque
858 1039 898 1076 in
921 1051 1060 1089 pascua
1077 1037 1222 1084 mittet,

122 1089 288 1130 Luciferi
304 1091 428 1142 primo
447 1104 535 1129 cum
554 1091 674 1130 sidere
692 1091 831 1143 frigida
848 1105 937 1130 rura.

123 1142 346 1195 Carpamns,
365 1143 459 1182 dum
476 1156 587 1183 mane
603 1156 760 1193 novum,
780 1144 873 1182 (lum
891 1144 1065 1195 gramina
1083 1145 1232 1191 canent,

123 1196 177 1234 Et
194 1210 256 1236 ros
273 1197 315 1235 in
332 1199 464 1236 tenera
481 1196 608 1250 pecori
624 1197 865 1249 gratissimus
884 1198 1012 1235 herba.

125 1248 231 1297 Inde,
250 1249 318 1288 ubi
337 1252 473 1301 quarta
491 1250 598 1290 sitim
617 1250 701 1289 coeli
721 1250 915 1302 collegerit
934 1250 1038 1297 hora,

124 1302 178 1341 Et
197 1304 315 1342 cantu
334 1302 504 1354 querulae
522 1306 704 1355 rumpent
723 1303 879 1342 arbusta
897 1303 1046 1349 cicadae,

122 1354 185 1393 Ad
201 1357 338 1407 puteos
357 1358 425 1394 aut
443 1355 522 1395 alta
540 1369 674 1408 greges
693 1356 741 1394 ad
760 1358 897 1408 stagna
909 1356 1045 1408 jubeto

123 1407 350 1448 Currentem
367 1408 495 1461 ilignis
513 1411 646 1461 potare
666 1409 858 1448 canalibus
877 1409 1019 1447 undam
1036 1425 1044 1446 z

125 1461 297 1501 Estibus
316 1463 357 1501 at
375 1461 508 1501 mediis
531 1462 749 1501 umbrosam
769 1462 962 1513 exquirere
980 1460 1129 1507 vallem,

123 1514 252 1554 Sicubi
270 1527 410 1566 magna
428 1514 455 1552 J
457 1514 538 1553 ovis
557 1515 716 1566 antiquo
735 1515 868 1554 robore
887 1527 1046 1566 quereus

124 1566 306 1617 Ingentes
324 1567 459 1606 tendat
477 1580 625 1618 ramos3
653 1569 721 1607 aut
740 1567 861 1607 sicubi
878 1569 1031 1619 nigrum

127 1619 266 1659 llicibis
285 1620 423 1659 crebris
443 1634 548 1660 sacra
564 1634 698 1660 nemus
717 1621 877 1660 accubet
895 1621 1042 1660 umbra.

123 1672 224 1711 Tum
242 1675 377 1712 tenues
397 1674 485 1712 dare
503 1686 634 1713 rursus
654 1687 781 1724 aquas,
801 1676 840 1713 et
859 1687 1009 1724 pascere
1028 1686 1159 1711 rursus

123 1725 220 1764 Solis
240 1726 288 1765 ad
306 1739 493 1772 occasum,
513 1738 633 1777 quum
651 1726 812 1775 frigidus
831 1732 917 1764 aera
935 1739 1067 1777 vesper

123 1778 340 1830 Temperat,
359 1781 399 1817 et
418 1778 538 1816 saltus
557 1778 680 1818 reficit
692 1779 773 1829 jam
793 1779 937 1817 roscida
955 1779 1058 1825 luna,

125 1831 331 1881 Litoraque
349 1831 532 1882 alcyoncn
551 1834 741 1877 resonant,
762 1832 1001 1869 acalanthida
1019 1830 1136 1869 dumi.

125 1884 226 1931 Quid
243 1884 316 1924 tibi
334 1887 502 1936 pastores
522 1884 668 1935 Libyae,
687 1885 779 1935 quid
798 1897 937 1935 pascua
954 1897 1066 1923 versu

126 1937 347 1988 prosequar,
365 1940 405 1975 et
424 1937 516 1974 rau-is
535 1937 710 1976 habitata
727 1938 889 1988 mapalia
906 1937 1018 1976 tectis
1033 1937 1051 1976 Ρ

124 1991 232 2042 52¹aeth
251 1991 351 2030 diem
369 1991 607 2040 noctemque,
627 1994 667 2028 et
685 1992 815 2029 totum
833 2004 879 2029 ex
897 1990 1028 2029 ordine
1047 2003 1214 2027 mensem

127 2043 302 2083 Pascitur
319 2043 425 2095 itque
443 2055 557 2094 pecus
577 2042 691 2103 longa
708 2042 747 2080 in
767 2042 915 2083 deserta
932 2043 1012 2082 sine
1031 2043 1117 2081 unis

126 2096 338 2148 Hospitiis:
365 2098 521 2134 tantum
540 2108 661 2147 eampl
674 2095 789 2145 jacet.
845 2096 984 2135 Omnia
1002 2110 1128 2135 seeum

125 2149 389 2191 Armentarius
409 2149 501 2187 Aser
519 2148 612 2199 agit,
630 2151 852 2199 tectumque
874 2149 1083 2201 Laremque

1313 349 1391 388 310

1314 615 1391 652 315

1316 879 1394 916 320

1315 1407 1394 1444 330

1311 1671 1391 1709 335

1316 1935 1394 1973 340

126 2203 315 2252 Armaque
328 2202 640 2254 A111yclaeumque
655 2215 784 2240 canem
800 2202 1046 2253 Cressamque
1061 2203 1276 2254 pharetram
1292 2217 1299 2238 .⁴
1314 2200 1390 2239 315

125 2254 212 2293 Non
234 2268 339 2294 secus
359 2268 400 2293 ac
419 2255 552 2307 patriis
572 2268 656 2293 acer
675 2254 870 2294 Romanus
890 2256 929 2294 in
948 2256 1061 2295 armis
