1539 2370
514 98 755 130 GEORGIOON
773 101 855 129 Lm.
875 102 904 129 1.

81 195 163 235 Aut
179 195 304 247 pecori
322 195 485 246 signum,
505 197 572 233 aut
590 209 767 234 numeros
784 196 976 247 impressit
995 196 1153 244 acervis3

81 247 286 287 Exacuunt
303 248 367 286 alii
385 248 502 287 vallos
521 248 718 298 furcasque
737 249 919 296 bicornes,

81 301 209 352 Atque
227 301 408 339 Amerina
425 303 560 352 parant
578 301 695 340 lentae
714 302 923 340 retinacula
939 301 1024 341 viti.

80 353 196 392 Nune
213 353 332 392 facilis
349 355 466 392 rubea
482 357 636 392 texatur
654 355 785 392 fiscina
803 355 930 405 virga-3

80 406 196 445 Nunc
213 409 356 445 torrete
375 407 455 457 igni
473 407 612 458 fruges,
631 421 732 446 nune
751 408 915 458 frangite
935 421 1035 446 saxo.

81 458 229 510 Quippe
248 460 364 497 etiam
382 460 489 498 sestis
509 461 684 511 quaedam
703 474 871 499 exercere
891 462 1022 500 diebus

82 511 158 550 Fas
177 514 216 550 et
229 512 317 563 jura
335 513 488 551 sinunt:
516 513 616 551 rivos
636 514 817 552 deducere
835 514 940 552 nulla

81 562 234 615 Religio
251 565 388 612 vetuit,
407 566 528 616 segeti
546 567 782 616 praetendere
808 581 958 618 saepem,

82 616 245 655 Insidias
264 618 396 656 avibus
414 618 550 665 moliri,
568 619 765 656 incendere
784 632 925 669 vepres,

84 669 367 720 Balantumque
386 684 542 721 gregem
560 671 676 708 fluvio
695 684 857 709 mersare
877 670 1031 710 salubri,

82 722 192 772 Saepe
211 723 291 761 oleo
311 724 411 761 tardi
430 727 553 762 costas
573 724 740 774 agitator
758 723 861 761 aselli

82 774 232 813 Vilibus
251 778 318 814 aut
336 779 468 815 onerat
486 776 608 827 pomis
623 793 631 823 ;
661 776 898 826 lapidemque
916 777 1108 814 revertens

82 825 264 865 Incusum
285 831 352 866 aut
371 831 465 867 atrae
485 842 648 867 massam
665 829 759 879 picis
777 830 870 866 urbe
888 831 1069 879 reportat.

136 879 227 931 Ipsa
246 881 324 919 dies
343 881 434 920 alios
455 882 526 920 alio
546 882 651 920 dedit
670 882 799 920 ordine
819 881 930 918 Luna

85 932 230 972 Felices
249 947 417 984 operum.
474 935 657 981 Quintam
676 935 788 984 suge3
816 934 977 984 pallidus
998 933 1117 971 Orcus

83 985 389 1037 Eumenidesque
408 989 522 1034 satae3
549 989 635 1024 tum
653 991 767 1038 partu
786 987 903 1024 Terra
919 986 1082 1024 nefando

83 1037 292 1089 Coeumque
311 1039 563 1090 Iapetumque
582 1042 684 1078 creat
715 1052 936 1090 saevumque
954 1038 1129 1090 Typhoea

82 1090 140 1128 Et
157 1092 372 1142 conjuratos
391 1092 528 1130 eoelum
547 1092 755 1131 rescindere
774 1093 923 1131 fratres.

83 1143 159 1182 Ter
177 1146 268 1182 sunt
287 1145 413 1183 eonati
431 1145 624 1196 imponere
644 1145 751 1183 Pelio
771 1145 906 1183 Ossam

83 1195 246 1243 Scilicet,
266 1199 380 1247 atque
399 1198 506 1236 Ossae
526 1198 747 1236 frondosum
765 1198 957 1236 involvere
977 1198 1182 1249 Olympum
1193 1213 1202 1242 3

82 1247 505 1289 TerPaterexstruetos
525 1251 672 1302 disjecit
690 1251 849 1288 fulmine
867 1253 1029 1289 montes

82 1301 253 1352 Septima
270 1305 357 1353 post
376 1303 560 1341 decimam
579 1304 666 1341 felix
699 1306 738 1341 et
757 1316 894 1353 ponere
911 1304 1043 1350 vitem,

82 1352 139 1392 Et
157 1368 312 1404 prensos
331 1356 516 1393 domitare
534 1357 660 1394 boves.
680 1358 719 1393 et
737 1355 823 1392 licia
840 1355 924 1393 telae

82 1405 243 1445 Addere.
299 1408 414 1445 Nona
431 1409 533 1457 suga>
554 1408 696 1454 melior,
716 1407 905 1446 contraria
922 1407 1046 1445 furtis.

136 1459 266 1497 Multa
285 1460 376 1498 adeo
396 1460 520 1511 gelida
538 1461 672 1498 melius
692 1473 730 1498 se
749 1462 862 1498 noete
881 1461 1025 1507 dedere,

82 1512 166 1550 Aut
184 1526 301 1562 quum
321 1513 397 1550 sole
416 1526 514 1551 novo
533 1515 652 1551 terras
671 1513 809 1551 irrorat
828 1513 945 1550 Eous.

82 1563 210 1603 Nocte
228 1565 328 1604 leves
346 1565 480 1603 melius
499 1566 663 1616 stipulae,
683 1568 795 1603 nocte
813 1566 918 1602 arida
936 1567 1045 1616 prata

82 1616 328 1665 Tondentur3
355 1620 486 1656 noctes
504 1618 630 1656 lentus
649 1631 727 1655 nou
746 1618 874 1656 deficit
892 1619 1041 1657 humor.

83 1669 139 1707 Et
158 1670 311 1720 quidam
330 1683 431 1709 seros
450 1671 598 1708 hiberni
617 1671 665 1708 ad
683 1671 836 1708 luminis
855 1671 963 1721 ignes

84 1721 304 1773 Pervigilat,
323 1723 494 1774 ferroque
513 1724 611 1761 faces
630 1724 792 1774 inspicat
811 1727 945 1765 acuto:

84 1773 237 1813 Interea
254 1775 411 1825 longum
431 1778 547 1814 cantu
565 1777 686 1814 solata.
703 1776 870 1814 laborem

90 1827 236 1878 Arguto
255 1829 391 1879 conjux
410 1829 596 1878 percurrit
613 1830 763 1880 pectine
781 1828 898 1872 telas;

84 1880 166 1918 Aut
184 1880 303 1919 duleis
322 1882 439 1919 musti
458 1881 628 1920 Vulcano
647 1882 823 1932 decoquit
841 1881 1051 1926 humorem,

85 1930 141 1969 Et
159 1932 258 1971 soliis
276 1934 417 1971 undam
439 1934 577 1984 trepidi
595 1934 795 1984 despumat
814 1934 936 1972 aheni.

137 1984 194 2022 At
211 1985 420 2024 rubicunda
439 1986 550 2024 Ceres
569 1987 694 2025 medio
714 1986 920 2024 succiditur
939 1988 1045 2029 aes‘cu,

85 2035 141 2074 Et
159 2037 283 2075 medio
300 2040 423 2076 tostas
443 2041 542 2077 aestu
558 2039 652 2077 terit
670 2052 757 2077 area.
774 2040 912 2089 frugcs.
951 2057 960 2065 ·

85 2088 223 2127 Nudus
243 2102 318 2137 ara,
336 2103 415 2129 sere
434 2091 580 2139 nudus3
607 2091 729 2130 hiems
748 2093 888 2142 ignava
905 2090 1048 2129 colono.

84 2141 309 2192 Frigoribus
326 2145 437 2193 parto
455 2144 631 2194 agrieolae
649 2145 870 2195 plerumque
889 2139 1078 2189 fruuntur,

84 2192 300 2245 Mutuaque
318 2194 418 2233 inter
436 2208 475 2233 se
492 2195 576 2234 laeti
594 2197 767 2236 convivia
784 2198 928 2234 curant.

86 2245 237 2286 Invitat
255 2246 412 2302 genialis
429 2247 560 2298 hiems,
571 2261 750 2300 curasque
768 2248 945 2288 resolvit:

637 2310 656 2334 c

1270 565 1346 602 27«)

1269 1091 1347 1128 280

1268 1353 1345 1392 285

1268 1616 1346 1655 290
