1544 2400
541 66 577 93 Ρ.
596 62 784 94 VIRGILII
802 64 992 96 MAnoms

135 157 360 210 Sanguineis
380 159 480 198 ebuli
499 160 621 199 baccis
640 161 832 213 minioque
851 162 1063 201 rubentem.

135 214 157 231 ‘⁶
170 211 312 262 Ecquis
331 212 404 250 erit
422 214 557 251 modus
573 214 617 252 ?'’
639 215 776 265 inquit.
833 216 990 253 “Amor
1008 229 1086 254 non
1105 215 1198 254 talia
1216 215 1336 254 curat.

134 263 218 302 Nee
236 264 399 303 lacrimis
419 267 579 305 crudelis
598 268 730 315 Amor,
750 281 819 308 nee
837 268 1012 319 gramina
1028 269 1130 316 rivis,

133 316 217 355 Nec
236 318 359 369 cytiso
378 322 600 358 saturantur
618 334 717 371 apes,
737 335 806 360 nce
825 321 957 360 fronde
976 321 1165 372 capellae.'’

134 369 272 408 Tristis
291 374 332 409 at
350 371 435 411 ille:
465 375 486 393 “
502 373 647 411 Tamen
667 375 883 421 cantabitis,
903 375 1109 422 Arcades,'’
1130 375 1267 425 inquit,

133 424 155 443 “
168 423 371 463 Montibus
389 425 473 464 haec
491 427 651 474 vestris3
679 427 750 465 soli
767 430 920 466 eantare
939 428 1052 478 periti

131 476 308 515 Arcades.
365 477 398 516 Ο
418 479 513 516 mihi
531 481 618 517 tum
636 493 749 530 quam
769 481 936 519 molliter
955 495 1038 519 ossa
1057 480 1263 532 quieseant,

131 527 269 568 Vestra
286 543 390 568 meos
410 531 501 570 olim
520 533 552 569 si
571 533 700 571 fistula
718 533 821 572 dicat
839 535 1005 572 amores!

131 582 261 633 Atque
279 584 429 622 utinam
449 598 494 622 cx
512 586 619 624 vobis
638 599 748 633 unus,
767 586 960 637 vestrique
979 588 1134 625 fuissem

132 635 215 673 Aut
234 639 361 675 eustos
380 638 519 688 gregis
539 641 606 676 aut
625 641 783 677 maturae
802 640 946 678 vinitor
963 641 1072 678 uvae!

133 687 245 727 Certe
264 690 343 728 sive
361 691 457 728 mihi
477 691 639 742 Phyllis,
659 693 738 730 sive
757 694 856 731 esset
875 693 1080 744 Amyntas,

131 740 206 779 Seu
225 742 451 793 quicumque
470 745 584 791 suror,
608 745 717 795 (quid
736 747 833 792 tum,
854 746 885 783 si
904 746 1031 784 fuscus
1051 748 1242 797 Amyntas
1258 745 1276 785 ¹?

131 792 187 831 Et
206 795 323 845 nigrae
341 796 449 834 violae
469 799 571 843 sunt,
591 800 631 835 ct
649 798 818 836 vaccinia
835 799 963 849 nigra)

130 845 288 885 Mecum
306 848 407 886 inter
426 849 555 888 salices
573 850 679 888 lenta
697 852 766 889 sub
786 851 864 889 vitc
877 852 1044 902 jaceret3

132 898 242 938 Serta
259 901 356 938 mihi
375 901 524 952 Phyllis
543 903 698 954 legeret,
719 907 891 942 cantaret
910 906 1114 955 Amyntas.

131 950 211 990 Hic
229 953 346 1004 gelidi
364 955 501 1002 sontes,
521 956 583 994 hic
602 956 731 994 mollia
748 959 869 1007 prata,
889 957 1042 1008 Lyeori,

131 1003 210 1043 Hie
229 1019 385 1054 nemus3
413 1007 475 1046 hic
493 1009 575 1059 ipso
594 1011 723 1047 tecum
743 1023 982 1049 consumerer
1000 1024 1090 1049 aevo.

130 1056 247 1097 Nune
266 1059 420 1098 insanus
439 1074 545 1099 amor
563 1062 648 1099 duri
667 1076 728 1100 me
747 1062 887 1100 Martis
907 1064 947 1100 in
967 1065 1081 1102 armis

131 1109 224 1149 Tela.
240 1111 341 1150 inter
358 1114 484 1151 media
502 1116 615 1165 atque
635 1115 809 1153 adversos
828 1116 975 1154 detinet
994 1117 1146 1156 hostes:

132 1163 192 1201 Tu
210 1166 343 1215 procul
361 1179 384 1204 a
400 1167 524 1216 patria
546 1168 633 1217 (nec
652 1168 703 1206 sit
721 1169 817 1206 mihi
837 1169 985 1208 credere
1003 1173 1158 1208 tantum
1170 1170 1199 1220 ἵ)

131 1217 302 1268 Alpinas,
323 1219 372 1256 ah
391 1219 505 1258 dura!
534 1221 641 1259 nives
660 1223 700 1259 et
719 1222 858 1272 frigora
880 1221 1008 1260 Rheni

132 1269 199 1308 Me
218 1271 298 1309 sine
317 1272 397 1310 sola
414 1273 530 1311 vides.
586 1274 651 1312 Ah
669 1276 709 1312 te
727 1288 775 1313 ne
795 1275 936 1326 frigora
953 1275 1115 1315 laedant!

131 1323 196 1361 Ah
213 1324 286 1362 tibi
304 1338 352 1363 ne
369 1327 519 1365 teneras
537 1326 677 1377 glacies
696 1330 797 1366 secet
816 1341 946 1379 aspera
963 1329 1133 1378 plantas!

132 1375 215 1424 Ibo,
235 1379 286 1424 et,
307 1377 523 1418 Chalcidico
542 1393 624 1430 quae
644 1383 735 1418 sunt
754 1381 848 1418 mihi
868 1381 1022 1421 condita
1039 1395 1150 1421 versu

132 1429 320 1478 Carmina,
338 1433 500 1482 pastoris
520 1433 637 1471 Siculi
655 1434 879 1472 modulabor
898 1448 1026 1473 avena.

132 1482 290 1521 Certum
309 1487 368 1522 est
386 1485 426 1523 in
445 1486 560 1533 silvis,
579 1486 680 1524 inter
698 1487 835 1537 spelaea
852 1487 1027 1534 ferarum,

132 1534 252 1574 Malle
269 1538 363 1587 pati,
381 1539 595 1590 tenerisque
613 1553 717 1578 meos
735 1540 899 1578 incidere
918 1554 1063 1579 amores

131 1588 363 1638 Arboribus;
391 1595 560 1630 crescent
578 1593 662 1639 illae,
681 1594 868 1639 crescetiS,
888 1607 1044 1632 amores.

132 1639 285 1680 Interea
302 1643 433 1682 mixtis
451 1645 620 1684 lustrabo
641 1645 805 1684 Maenala
823 1646 1030 1698 Nymphis,
1067 1651 1069 1653 ’

131 1694 213 1732 Aut
231 1707 333 1733 acres
352 1698 517 1735 venabor
535 1711 667 1749 apros3
694 1713 771 1737 non
791 1712 850 1737 me
869 1699 946 1737 ulla
963 1700 1151 1739 vetabunt

134 1746 293 1799 Frigora
311 1749 539 1788 Parthenios
559 1751 714 1789 canibus
734 1752 965 1791 circumdare
984 1753 1117 1792 saltus.

132 1799 159 1836 J
161 1813 223 1838 am
241 1802 336 1839 mihi
356 1817 421 1852 per
439 1817 550 1854 rupes
570 1804 699 1842 vidcor
717 1804 895 1856 lucosque
914 1809 1092 1845 sonantes

134 1852 217 1901 Ire;
244 1854 338 1893 libet
358 1856 504 1894 Partho
523 1860 699 1908 torquere
719 1857 892 1909 Cydonia
909 1872 1026 1897 cornu

131 1906 304 1956 Spicula;
330 1910 526 1959 tamqnam
546 1910 626 1948 haec
645 1911 723 1948 sint
742 1911 863 1949 nostri
882 1911 1069 1949 medicina
1086 1912 1232 1959 suroris,

132 1960 214 1997 Aut
232 1960 323 1999 deus
342 1961 404 2000 ille
424 1962 531 2000 malis
550 1962 749 2000 hominum
770 1964 965 2001 mitescere
984 1964 1116 2002 discat.

132 2012 222 2050 Jam
242 2027 362 2065 neque
383 2015 671 2065 llznnaulryndes
691 2029 839 2053 rursum
860 2030 928 2054 nee
947 2016 1113 2055 earmina
1133 2017 1240 2056 nobis

131 2064 223 2114 Ipsa
239 2066 412 2116 placcnt3
440 2068 528 2118 ipsa:
547 2082 696 2106 rursum
717 2069 910 2106 concedite
930 2069 1045 2108 silvoe.

131 2116 170 2154 N
174 2131 222 2155 on
242 2119 349 2158 illum
369 2121 491 2159 nostri
509 2124 669 2172 possunt
688 2124 836 2159 mutare
856 2121 1012 2168 labores,

132 2169 214 2208 Nee
233 2171 264 2208 si
285 2173 486 2220 stigoribus
506 2174 639 2212 inediis
659 2174 908 2225 Hebrumque
929 2175 1113 2224 bibamus,

133 2222 399 2277 Sithoniasque
419 2227 524 2266 nives
543 2227 679 2267 hiemis
698 2228 898 2267 subeamus
918 2241 1077 2279 aquosae,

1346 851 1400 890 40

1346 1118 1398 1155 45

1347 1384 1400 1422 50

1345 2176 1397 2216 65
