1539 2370
536 59 758 92 nuceum.
811 62 900 91 1:011.
920 63 977 92 VI.

123 153 236 194 Serta
250 153 558 206 monimntum
575 156 692 207 capiti
710 155 870 207 delapsa,
875 157 1064 210 jacebmit,

122 208 181 247 Et
197 209 325 260 gravis
342 208 481 248 attrita
495 209 687 261 pendebat
705 210 910 249 cantharus
929 225 1030 250 ansa.

121 262 317 312 Aggressi,
335 275 426 301 nam
443 275 541 314 saepe
560 275 673 301 senex
691 276 758 314 spe
776 264 952 303 carminis
972 265 1086 305 ambo

122 313 297 363 Luserat,
316 315 494 367 injiciunt
511 316 603 367 ipsis
622 330 667 354 ex
685 317 837 355 vincula
854 319 975 356 sertis¹

121 368 244 406 Addit
262 381 302 407 se
320 369 461 408 sociam
477 369 697 420 timidisque
716 371 933 421 supervenit
952 371 1132 422 113319,-

121 420 248 472 AEgle,
266 421 460 461 Naiadum
477 422 754 474 pulchertima3
776 425 932 474 jamque
950 425 1099 462 videnti

121 473 346 526 Sanguineis
363 476 531 515 frontem
548 476 664 515 moris
683 479 722 514 et
740 478 914 526 tempora
931 477 1068 528 pingit.

121 526 195 566 Ele
212 528 343 567 dolum
359 529 498 578 ridens,
518 532 540 550 ‘⁶
553 529 637 577 Quo
655 529 807 567 vincula
824 530 979 568 nectitis
997 531 1042 568 ‘1³¹'
1073 530 1212 583 inquit.

120 579 300 620 “Solvite
317 595 391 630 me,
409 583 539 633 pueri;
567 583 659 621 satis
678 585 737 621 est
755 583 923 633 potuisse
942 583 1073 622 videri.

120 632 309 683 Carmina,
328 648 411 687 quae
428 636 558 684 vultis,
577 636 816 686 cognoscite3
845 636 1011 674 carmina
1028 637 1149 684 vobis,

119 686 227 726 Huic
245 687 348 727 aliud
365 689 547 727 mercedis
566 689 679 727 e1·it.''
736 689 859 726 Simul
876 690 1013 740 incipit
1030 690 1122 741 ipse.

119 740 224 779 'Dum
240 754 329 780 vero
346 741 388 780 in
405 755 607 780 numerum
627 741 854 793 Faunosque
873 742 1044 793 ferasque
1061 743 1208 782 videres

119 793 281 842 Ludere,
299 796 387 833 tum
403 795 545 846 rigidas
563 796 710 833 motare
729 795 926 833 cacumina
944 809 1115 846 quercus.

118 846 204 886 Nec
220 849 378 886 tantum
395 848 544 887 Phoebo
562 848 705 899 gaudet
725 848 906 886 Parnasia
923 861 1035 898 rupes
1049 865 1058 894 ;

117 899 162 938 N
161 913 203 939 ee
220 902 376 939 tantum
394 900 583 952 Rhodope
600 901 789 938 mirantur
807 904 847 939 et
866 901 1034 939 Ismarus
1054 901 1215 951 inhea.

171 953 350 1005 Namque
368 955 538 1001 canebat,
557 954 617 991 uti
635 966 819 1003 magnum
836 967 903 1003 per
920 954 1032 992 inane
1051 957 1197 992 coacta·

117 1005 271 1045 Semina
287 1009 549 1058 terrarumque
567 1006 778 1056 animaeque
787 1019 980 1056 maiusque
998 1006 1160 1045 fuissent

117 1057 176 1097 Et
193 1059 327 1110 liquidi
345 1059 459 1098 simul
475 1059 598 1110 ignis:
627 1061 673 1096 ut
690 1059 751 1096 his
769 1058 922 1096 exordia
938 1059 1071 1109 primis

118 1111 258 1150 Omnia
287 1114 328 1150 et
344 1113 426 1163 ipse
441 1114 551 1150 tener
568 1111 702 1149 mundi
721 1111 953 1150 concreverit
971 1113 1094 1159 orbis3

117 1163 219 1202 Tum
237 1165 371 1204 dusare
389 1165 512 1204 solum
530 1167 570 1204 et
589 1164 798 1203 discludere
816 1164 943 1202 Nerea
960 1167 1080 1215 ponto

119 1216 299 1268 Coeperit,
317 1221 358 1257 et
375 1232 503 1257 rerum
521 1218 707 1269 paulatim
725 1230 872 1256 sumere
890 1217 1053 1264 formas3

117 1269 284 1321 Jamque
301 1284 445 1311 novum
462 1274 573 1310 terrae
592 1273 772 1322 stupeant
789 1270 975 1308 lucescere
994 1270 1124 1316 solem,

117 1323 247 1362 Altius
261 1326 375 1375 atque
394 1325 531 1363 cadant
550 1324 737 1362 submotis
755 1323 919 1360 nubibus
937 1323 1075 1361 imbres
1089 1340 1099 1370 ;

115 1375 310 1427 Incipiant
328 1377 431 1415 silvae
450 1389 568 1428 quum
585 1376 753 1426 primum
771 1388 935 1425 surgere,
954 1388 1146 1426 quumque

116 1428 220 1467 Rara
237 1443 304 1479 per
320 1430 474 1481 ignotos
492 1431 620 1468 errent
639 1428 815 1466 animalia
832 1430 995 1465 montes.

116 1481 222 1520 Hinc
240 1482 382 1532 lapides
401 1482 560 1533 Pyrrhae
572 1482 709 1532 jactos,
729 1481 908 1518 Saturnia
925 1494 1052 1531 regna,

116 1533 388 1586 Caucasiasque
406 1535 523 1574 refert
540 1535 721 1581 volueres,
741 1534 962 1584 furtumque
982 1532 1214 1572 Promethei.

116 1587 192 1626 His
211 1588 397 1639 adjungit,
417 1587 552 1638 Hylan
569 1590 697 1626 nautae
716 1601 791 1638 quo
810 1587 916 1625 fonte
935 1586 1117 1624 relicttun.

115 1639 364 1689 clamassent,
382 1643 429 1679 ut
445 1641 550 1688 litus,
570 1643 591 1660 “
604 1640 724 1691 Hyla,
744 1640 890 1690 Hy1a‚”
911 1652 1023 1678 omne
1042 1641 1215 1689 sonaret;

114 1693 172 1731 Et
187 1694 435 1742 fortunatam,
453 1694 486 1733 si
503 1707 699 1744 nunquam
717 1695 890 1731 armenta
907 1692 1081 1742 fuissent,

116 1744 332 1798 Pasiphaen
349 1747 452 1786 nivei
469 1747 613 1786 solatur
631 1760 758 1785 amore
770 1746 936 1796 juvenci.

113 1799 180 1837 Ah
197 1800 306 1850 virgo
323 1800 466 1848 infelix,
485 1813 568 1851 quae
586 1802 627 1838 te
646 1800 838 1839 dementia
855 1799 978 1849 cepit!

113 1850 302 1891 Proetides
319 1853 527 1904 implerunt
544 1853 649 1892 falsis
666 1853 879 1903 mugitibus
898 1864 1008 1901 agros
1023 1867 1032 1897 ;

112 1905 170 1944 At
187 1918 265 1944 non
282 1907 365 1944 tam
381 1909 512 1957 turpes
530 1907 719 1958 pecudum
736 1910 867 1944 tamen
885 1904 962 1942 ulla
981 1906 1109 1943 secuta
1129 1906 1187 1943 cst

111 1956 358 2007 Concubitus,
377 1959 549 2011 quamvis
567 1959 664 1998 collo
681 1959 874 1998 timuisset
892 1959 1074 2007 aratrum,

110 2010 170 2048 Et
187 2023 284 2062 saepe
300 2012 342 2051 in
359 2012 434 2051 levi
452 2013 647 2064 quaesisset
666 2026 806 2051 cornua
822 2013 959 2050 fronte.

109 2062 176 2101 Ah
193 2063 302 2115 virgo
318 2065 460 2113 infelix,
478 2068 526 2104 tu
543 2079 644 2104 nune
661 2066 702 2103 in
720 2066 914 2104 montibus
933 2076 1054 2102 erras:

110 2114 194 2163 Ille,
213 2115 315 2155 latus
332 2117 486 2157 niveum
504 2119 612 2157 molli
629 2119 749 2157 fultus
767 2117 988 2169 hyacintho,

110 2166 206 2207 Ilice
224 2169 295 2207 sub
313 2169 424 2221 nigra
439 2171 626 2222 pallentes
643 2172 814 2210 ruminat
833 2171 978 2213 herbas,

1334 374 1386 412 20

1331 903 1384 940 30

1326 1430 1380 1467 40

1322 1695 1372 1733 45

1319 1957 1373 1996 50

1298 2165 1366 2216 [55

108 2220 193 2259 Aut
211 2221 375 2274 aliquam
392 2236 434 2262 m
451 2236 591 2276 magno
610 2225 782 2276 sequitui·
799 2236 925 2276 grege.
959 2219 1146 2272 Claudite,
1160 2219 1366 2272 Nynqlmg
