1539 2370
516 111 756 141 GEORGICON
774 112 856 141 LIB.
877 114 934 140 IV.

95 205 296 254 Proetereo,
315 208 428 258 atque
447 206 528 245 aliis
546 210 634 258 post
652 221 713 246 me
731 209 973 246 memoranda
991 209 1171 261 relinquo.

145 260 185 297 N
188 273 261 298 unc
279 273 359 310 age,
378 263 532 298 naturas
551 262 682 311 apibus
702 274 793 312 quas
813 261 967 311 Jupiter
985 263 1063 312 ipse

92 312 265 359 Addidit,
283 313 494 362 expediam3
507 326 575 364 pro
595 327 669 363 qua
686 314 865 361 mercede,
885 328 1039 353 canoros

93 364 276 404 Curetum
295 366 442 404 sonitus
459 366 757 416 crepitantiaque
775 380 850 405 aera
868 370 1018 414 seeutae,

91 417 241 456 Dictaeo
260 418 344 457 coeli
362 431 491 469 regem
508 432 643 469 pavere
661 420 731 457 sub
751 423 872 458 antro.

91 470 189 508 Solae
209 484 426 510 communes
444 479 567 519 natos,
586 472 776 511 consortia
792 475 898 511 tecta

91 522 206 561 Urbis
224 523 378 571 habent,
398 525 619 575 magnisque
638 525 788 576 agitant
806 527 875 564 sub
894 525 1042 577 legibus
1061 541 1197 574 aevum,

90 575 145 613 Et
162 577 325 626 patriam
344 577 431 615 solae
450 580 490 615 et
509 580 630 616 certos
648 591 785 616 novere
803 582 958 628 penates
975 597 983 626 ;

89 627 343 679 Venturaeque
362 629 497 668 hiemis
516 643 699 669 memores
717 634 851 669 aestate
869 632 1037 670 laborem

89 680 359 731 Experiuntur,
375 685 414 720 et
431 683 472 720 in
490 683 656 721 medium
677 684 835 733 quaesita
852 688 1054 734 reponunt.

89 732 264 784 Namque
283 735 364 773 alim
384 735 490 773 victu
507 736 721 786 invigilant,
741 739 780 774 et
799 737 936 775 foedere
955 741 1066 788 paeto

86 785 324 825 Exercentur
341 788 440 838 agris
457 804 464 835 ;
492 801 578 838 pars
595 789 698 826 intra
715 792 822 839 septa
835 789 1034 828 domorum

85 837 256 878 Narcissi
272 840 465 878 lacrimam
494 843 534 878 et
551 841 699 879 lentum
718 841 763 879 de
782 843 938 880 eortriee
957 843 1091 892 gluten

86 889 216 930 Prima
232 892 327 931 savis
345 895 493 943 ponunt
511 894 741 940 fundamina,
761 894 893 932 deinde
912 897 1062 933 tenaces

85 943 330 994 Suspendunt
348 959 449 983 ceras
466 963 473 991 ;
502 946 595 992 aliae,
615 959 719 996 spem
738 947 875 996 gentis,
895 947 1044 985 adultos

85 995 268 1035 Edueunt
287 998 408 1044 setus;
437 998 518 1036 aliae
537 998 738 1048 purissima
757 999 869 1037 mella.
969 999 974 1002 ’

85 1048 250 1099 Stipant,
270 1053 309 1088 et
327 1051 468 1101 liquido
487 1051 710 1089 distendunt
728 1053 878 1090 nectare
897 1052 1020 1090 cellas.

84 1101 194 1149 Sunt,
214 1103 348 1152 quibus
367 1103 414 1141 ad
432 1105 560 1154 portas
579 1103 714 1142 cecidit
732 1105 903 1142 custodia
917 1106 1024 1149 sorti,

83 1153 206 1205 Inque
224 1156 345 1194 vicem
367 1156 609 1206 speculantur
627 1169 740 1206 aquas
759 1160 798 1195 et
817 1158 946 1195 nubila
965 1158 1070 1204 eoeli;

83 1207 166 1245 Aut
184 1221 297 1246 onera
315 1209 504 1259 accipiunt
522 1209 753 1256 venientum,
773 1213 840 1248 aut
859 1211 1009 1260 agmine
1027 1211 1128 1249 facto

84 1259 286 1311 Ignavum,
306 1262 420 1308 fucos,
440 1274 553 1312 pecus
573 1275 595 1299 a
611 1263 838 1313 praesepibus
858 1266 996 1301 arcent.

84 1312 224 1351 Fervet
243 1327 347 1363 opus,
366 1314 609 1363 redolentque
628 1315 765 1364 thymo
784 1315 990 1365 fragrantia
1012 1316 1165 1385 mella*

84 1365 141 1403 Ac
159 1365 280 1403 veluti
297 1367 409 1404 lentis
430 1366 612 1416 Cyclopes
630 1367 789 1404 fulmina
806 1368 939 1405 massis

84 1417 211 1464 Quum
229 1421 442 1469 properant,
462 1418 524 1456 alii
542 1419 702 1456 taurinis
720 1419 872 1457 follibus
891 1434 998 1458 auras

85 1470 289 1520 Accipiunt
307 1471 554 1521 redduntque,
573 1471 636 1509 alii
654 1471 854 1510 stridentia
872 1473 1030 1522 tingunt

83 1522 177 1560 AEra
194 1522 299 1570 lacu3
327 1523 447 1574 gemit
464 1524 652 1574 impositis
670 1524 869 1563 incudibus
889 1525 1030 1572 AEtna3

85 1574 148 1612 Illi
166 1575 266 1614 inter
283 1589 362 1614 sese
380 1589 519 1627 magna
536 1577 574 1614 vi
591 1576 744 1614 brachia
761 1577 905 1615 tollunt

85 1627 133 1665 In
151 1641 362 1674 numerum,
376 1631 602 1679 versantque
619 1630 743 1668 tenaci
761 1630 900 1680 forcipe
918 1631 1058 1669 serrum
1073 1648 1080 1669 :

83 1679 174 1718 Non
192 1680 313 1728 aliter,
332 1681 363 1719 si
381 1694 496 1731 parva
513 1681 603 1720 lieet
620 1695 841 1733 componere
860 1684 1019 1733 magnis,

84 1732 280 1784 Cecropias
299 1734 452 1772 innatus
472 1747 558 1785 apes
577 1747 681 1773 amor
699 1738 812 1786 urget
830 1736 1004 1783 habendi,

86 1785 246 1823 Munere
265 1799 451 1837 quamque
470 1799 550 1824 suo.
606 1787 827 1826 Grandaevis
847 1789 983 1839 oppida
1003 1802 1114 1835 curoe,

88 1837 140 1874 Et
157 1838 304 1877 munire
322 1839 437 1886 savos,
457 1841 496 1877 et
515 1839 658 1877 daedala
674 1840 816 1890 fingere
834 1843 951 1879 tecta.

88 1890 141 1927 At
158 1889 264 1928 fessae
282 1891 404 1929 multa
421 1892 590 1930 referunt
608 1905 647 1930 se
665 1896 775 1931 noete
794 1894 968 1940 minores,

85 1941 206 1980 Crura
221 1943 358 1993 thymo
375 1944 518 1994 plenae3
545 1947 753 1995 pascuntur
771 1948 810 1983 et
829 1947 965 1984 arbuta
982 1946 1120 1996 passim

86 1993 141 2032 Et
158 1993 310 2045 glaucas
328 1996 456 2035 salices
475 1997 685 2048 casiamque
715 2011 939 2048 crocumque
957 1999 1155 2036 rubentem

86 2046 141 2084 Et
158 2046 338 2097 pinguem
356 2048 480 2086 tiliam
498 2051 538 2087 et
555 2049 787 2101 ferrugineos
806 2051 1044 2102 hyacinthos.

85 2098 272 2137 Omnibus
290 2113 367 2137 una
385 2096 488 2150 quies
507 2115 674 2152 operum,
692 2103 797 2141 labor
815 2105 989 2142 omnibus
1008 2116 1116 2139 unus.

84 2151 201 2189 Mane
219 2155 338 2190 ruunt
356 2153 498 2202 portis3
524 2167 711 2205 nusquam
729 2168 835 2194 mora
850 2173 857 2194 z
887 2169 1016 2193 rursus
1036 2155 1184 2192 easdem

83 2203 226 2254 Vesper
244 2205 309 2242 ubi
328 2218 347 2242 e
365 2207 478 2255 pastu
495 2207 649 2245 tandem
668 2208 842 2246 decedere
861 2209 1001 2258 eampis

83 2256 307 2307 Admonuit,
325 2260 411 2296 ‘cum
429 2260 533 2297 tecta
549 2261 699 2312 petunt,
717 2263 804 2301 tum
823 2273 976 2313 corpora
994 2262 1148 2300 curant:

1279 321 1352 357 150

1278 584 1351 620 155

1275 846 1350 882 160

1272 1108 1347 1145 165

1271 1370 1348 1409 170

1271 1634 1346 1671 175

1270 1894 1345 1931 180
