1539 2370
544 82 782 112 GEOBGICON
811 85 892 112 Lm.
912 86 941 112 1.

107 178 135 217 J
138 180 253 224 aetat,
272 180 311 217 et
329 177 411 229 ipsa
428 190 513 216 suas
532 178 719 215 mirantur
739 177 909 228 Gargara
927 191 1076 217 messes.

108 231 209 279 Quid
227 232 360 278 dicam,
373 232 479 282 jacto
499 231 563 282 qui
583 232 724 268 semine
743 232 912 269 cominus
932 244 1021 269 arva.

107 283 327 334 Insequitur
345 284 588 334 cumulosque
607 283 684 320 ruit
704 284 800 322 male
818 284 969 334 pinguis
989 297 1108 322 arenae
1123 282 1142 322 Ρ

106 335 254 374 Deinde
273 336 364 375 satis
383 336 541 373 fluvium
560 336 706 373 inducit
726 336 898 386 rivosque
917 337 1128 386 sequentes,

106 388 173 435 Et,
193 402 309 440 quum
329 391 484 427 exustus
504 403 592 439 ager
612 389 862 427 morientibus
881 391 1019 427 aestuat
1038 387 1175 437 herbis,

106 440 206 480 Ecce
224 442 420 492 supercilio
439 442 570 479 clivosi
588 442 754 479 tramitis
774 442 913 479 undam

106 493 256 532 Elicit?
284 495 349 532 illa
366 495 501 532 cadens
520 508 675 532 raucum
694 508 760 544 per
778 495 874 533 levia
892 508 1065 532 murmur

106 546 204 584 Saxa
221 547 305 594 ciet,
326 548 578 597 scatebrisque
597 548 742 585 arentia
760 549 948 598 temperat
967 561 1067 585 arva.
1293 546 1367 585 Γιὺ

106 599 217 646 Quid,
237 600 313 650 qui,
332 613 380 638 ne
398 600 564 650 gravidis
583 600 808 650 procumbat
828 601 974 638 culmus
993 597 1130 645 arist-is,

105 651 311 690 Luxuriem
331 655 503 704 segetum
522 656 652 691 tenera,
670 653 837 703 depaseit
855 653 895 690 in
915 653 1041 698 herba,

105 704 234 751 Quum
250 705 417 756 primum
435 705 557 743 sulcos
576 710 728 756 aequant
747 705 861 744 sata?
890 705 1027 755 quique
1045 703 1193 755 paludis

105 756 317 796 Colleetum
335 758 534 796 humorem
552 758 680 796 bibula
699 758 851 796 deducit
870 757 1013 796 arena?

105 809 323 849 Praesertim
342 810 495 849 incertis
514 811 546 848 si
564 811 755 848 mensibus
775 811 896 848 amnis
916 810 1110 848 abundans
1291 808 1365 845 115

105 862 211 910 Exit,
226 865 266 902 et
284 863 449 902 obducto
468 864 544 901 late
563 866 671 901 tenet
691 863 819 901 onmia
836 863 939 909 limo,

106 913 218 954 Unde
236 929 336 954 cavae
354 917 483 966 tepido
502 916 641 954 sudant
668 916 826 954 humore
844 916 998 953 laeunae.

156 967 198 1006 N
199 981 240 1006 ee
254 970 394 1015 tamen,
409 969 489 1006 haee
504 982 620 1019 quum
635 968 713 1006 sint
732 968 1004 1018 hominumque
1018 967 1207 1017 boumque
1220 965 1364 1004 labores

104 1019 298 1059 Versando
317 1023 459 1059 terram
477 1021 634 1072 experti,
653 1021 749 1058 nihil
767 1021 960 1071 improbus
980 1033 1098 1066 anser,

105 1072 407 1124 Strymoniaeque
425 1087 549 1124 grueS,
569 1076 608 1111 et
627 1074 761 1111 amaris
781 1074 916 1111 intuba
933 1073 1037 1111 fibris
1291 1070 1367 1108 120

105 1125 298 1172 Officiunt,
316 1128 384 1164 aut
401 1126 535 1163 umbra
551 1128 675 1164 nocet.
731 1126 847 1164 Pater
863 1127 943 1176 ipse
961 1125 1106 1164 colendi

105 1177 225 1216 Haud
241 1178 389 1217 facilem
407 1191 486 1217 esse
504 1179 606 1216 viam
624 1179 757 1225 voluit,
776 1179 994 1228 primusque
1012 1191 1078 1229 per
1097 1177 1215 1215 artem

105 1230 235 1269 Movit
253 1244 375 1282 agros,
394 1232 492 1269 curis
511 1245 646 1270 acuens
665 1231 841 1269 mortalia
858 1232 982 1277 eorda,

106 1283 190 1321 Nec
207 1285 356 1334 torpere
373 1285 480 1334 gravi
499 1298 629 1334 passus
649 1298 716 1321 sua
734 1297 850 1333 regna
867 1287 1034 1322 veterno.

105 1336 210 1374 Ante
228 1335 257 1373 J
259 1349 368 1374 ovem
386 1337 480 1374 nulli
498 1337 724 1386 subigebant
744 1349 833 1372 arva
851 1336 970 1373 coloni
990 1352 998 1381 ;
1292 1331 1367 1369 125

108 1387 170 1426 Ne
189 1388 337 1438 signare
357 1389 507 1438 quidem
527 1392 594 1426 aut
613 1388 745 1438 partiri
764 1388 884 1425 limite
904 1400 1078 1437 eampum

110 1440 185 1478 Fas
204 1443 306 1478 erat:
326 1440 367 1478 in
385 1441 552 1478 medium
572 1441 800 1491 quaerebant,
820 1441 972 1490 ipsaque
992 1439 1104 1477 tellus

108 1492 247 1531 Omnia
263 1493 426 1538 liberius,
435 1493 538 1532 nullo
557 1496 746 1543 poscente,
765 1494 918 1530 ferebat.

109 1544 182 1584 Ille
200 1545 343 1583 malum
361 1546 464 1583 virus
484 1546 720 1596 serpentibus
740 1546 886 1583 addidit
905 1545 1009 1591 atris,

109 1597 348 1649 Praedarique
366 1598 474 1649 lupos
488 1599 615 1649 jussit,
634 1601 870 1648 pontumque
889 1598 1054 1648 moverig
1292 1592 1369 1631 130

108 1649 300 1701 Mellaque
319 1651 484 1689 decussit
502 1651 611 1696 soliis,
631 1652 831 1701 ignemque
850 1651 1024 1699 removit,

109 1703 165 1741 Et
182 1704 322 1754 passim
340 1704 431 1741 rivis
450 1704 639 1741 currentia
656 1704 745 1741 vina
763 1704 952 1754 repressit,

108 1755 168 1793 Ut
185 1757 305 1794 varias
323 1769 414 1794 usus
432 1756 651 1794 meditando
671 1757 896 1794 extunderet
915 1758 1015 1794 artes

106 1806 371 1856 Paullatim‚et
389 1809 502 1846 sulcis
522 1809 702 1847 frumenti
721 1811 904 1859 quaercret
922 1809 1089 1850 herbam,

109 1860 168 1898 Ut
186 1861 300 1899 silicis
318 1861 424 1899 venis
443 1861 660 1899 abstrusum
679 1862 878 1899 excuderet
897 1862 1037 1911 ignem.
1297 1854 1368 1891 135

110 1912 219 1952 Tunc
237 1913 341 1952 alnos
358 1914 524 1964 primum
542 1914 648 1951 fluvii
666 1927 811 1952 sensere
830 1917 1004 1960 cavata53

111 1965 257 2003 Navita.
273 1969 360 2004 tum
377 1966 496 2004 stellis
515 1980 690 2005 numeros
709 1970 749 2005 et
767 1967 921 2005 nomina
939 1966 1040 2012 fecit,

111 2015 295 2065 Pleiadas,
313 2018 484 2069 Hyadas,
504 2019 715 2070 claramque
734 2019 922 2069 Lycaonis
941 2020 1098 2056 Arcton.

112 2069 214 2108 Tum
230 2070 372 2121 laqueis
391 2074 541 2122 captare
559 2072 654 2110 seras
673 2074 712 2110 et
731 2072 858 2110 fallere
876 2072 978 2109 visco

113 2121 333 2169 Inventum,
351 2125 392 2161 et
409 2137 567 2175 magnos
586 2125 740 2162 canibus
759 2125 988 2163 circumdare
1007 2122 1137 2160 saltus.
1293 2115 1371 2157 140

114 2175 242 2225 Atque
261 2175 355 2212 alius
372 2175 495 2213 latum
513 2177 631 2214 funda
642 2177 724 2228 jam
742 2177 916 2215 verberat
934 2188 1096 2221 amnem,

115 2227 208 2266 Alta.
223 2229 356 2279 petens
374 2227 580 2280 pelagoque
599 2229 694 2268 alius
711 2229 833 2268 trahit
851 2227 1008 2267 humida
1024 2227 1114 2266 lina.

1291 286 1314 325 μω

1317 286 1368 324 5<
