1539 2370
518 97 758 127 GEOBGIOON
777 99 860 127 mn.
881 101 949 129 111.

97 193 174 234 Ilia
191 194 362 246 singultu
374 193 562 242 tendunt3
589 194 622 233 it
641 194 794 233 naribus
814 195 895 233 ater

98 248 271 299 Sanguis,
290 250 329 286 et
348 248 515 286 obsessas
534 248 658 286 fauces
677 248 816 299 premit
835 261 966 299 aspera
982 248 1125 300 lingua.

97 300 249 340 Profuit
265 301 407 339 inserto
425 300 555 339 latices
573 301 769 340 infundere
788 315 905 340 cornu

98 353 278 401 Lenaeos,
270 370 278 378 ·
307 367 350 392 ea
367 354 448 391 visa
465 354 566 392 salus
584 355 833 392 morientibus
853 368 940 392 una.

98 406 190 446 Mox
209 409 290 445 erat
307 407 408 445 hoe
398 420 523 458 ipsum
542 407 669 454 exitio,
690 408 869 458 furiisque
887 407 1019 446 refecti

97 460 305 506 Ardebant,
324 460 470 521 ipsique
488 473 587 507 suos,
601 460 683 511 jam
701 463 824 499 morte
844 461 914 499 sub
934 473 1047 511 aegra,

98 512 172 562 (Di
190 513 346 551 meliora
362 513 445 564 piis,
465 526 701 564 erroremque
720 514 894 552 hostibus
914 513 1023 552 11111111
1036 515 1063 564 !)

95 565 284 604 Discissos
302 566 414 604 nudis
432 566 626 605 laniabant
645 567 822 605 dentibus
842 570 958 605 artus.

95 617 196 657 Ecce
215 621 344 657 autem
363 620 456 658 duro
475 620 624 657 fumans
643 621 713 658 sub
732 633 882 658 vomere
899 622 1033 658 taurus

95 671 282 719 Concidit,
302 674 342 710 et
359 672 524 710 mixtum
544 673 686 723 spumis
704 673 826 711 vomit
846 686 908 711 ore
923 685 1105 719 eruorem,

96 724 374 775 Extremosque
393 725 467 764 ciet
486 726 664 776 gemitus.
720 725 762 763 It
781 725 903 763 tristis
923 728 1059 772 arator,

94 777 318 816 Maerentem
337 778 544 829 abjungens
564 779 730 816 fraterna
747 781 870 817 morte
883 779 1101 830 juvencum,

93 830 222 880 Atque
241 844 351 881 opere
369 832 410 868 in
428 831 551 869 medio
571 831 693 869 defixa
710 832 890 882 relinquit
909 834 1044 869 aratra.

46 884 54 890 '
92 882 184 921 Non
203 885 348 922 umbrae
366 885 530 922 altorum
548 897 758 931 nemorum,
776 897 855 922 non
872 884 1000 922 mollia
1017 885 1178 934 possunt

93 935 212 975 Prata
229 950 378 975 movere
397 937 576 984 animum,
597 951 673 975 non
693 937 757 987 qui
774 950 842 987 per
860 950 947 975 saxa
965 937 1118 975 volutus

93 988 230 1028 Purior
247 990 386 1028 electro
405 1003 580 1040 eampum
599 990 699 1040 petit
716 990 858 1028 amnis:
888 992 928 1027 at
946 990 1023 1027 ima

93 1041 302 1080 Solvuntur
320 1043 448 1089 latera,
469 1045 582 1092 atque
601 1043 729 1081 oeulos
749 1045 882 1093 stupor
899 1044 1013 1093 urget
1030 1043 1182 1088 inertes7

92 1095 155 1132 Ad
173 1097 387 1145 terramque
406 1095 491 1133 fluit
510 1096 650 1134 devexo
668 1096 832 1146 pondere
851 1097 987 1134 cervix.

93 1147 194 1194 Quid
211 1148 318 1186 labor
336 1150 403 1186 aut
421 1148 617 1186 benefacta
630 1147 802 1199 juvant?
831 1148 922 1199 quid
939 1161 1089 1186 vomere
1109 1150 1228 1186 terras

92 1199 300 1239 Invertisse
319 1200 484 1251 graves?
513 1201 618 1251 atqui
637 1215 714 1239 non
733 1202 894 1239 Massica
912 1201 1056 1240 Bacchi

91 1252 262 1300 Munera,
280 1267 357 1292 non
375 1253 450 1291 illis
469 1253 593 1304 epulae
612 1267 771 1292 nocuere
790 1256 977 1304 rzepostae

93 1304 309 1345 Frondibus
329 1308 368 1344 et
386 1306 492 1344 victu
510 1309 717 1356 pascuntur
736 1306 915 1356 simplicis
933 1306 1082 1353 herbae;

93 1357 237 1396 Pocula
254 1360 345 1396 sunt
363 1359 487 1396 fontes
504 1358 637 1408 liquidi
657 1361 770 1408 atque
788 1359 951 1396 exercita
969 1372 1080 1396 eursu

93 1410 294 1458 Flumina3
321 1424 390 1449 nee
409 1424 560 1449 somnos
580 1411 772 1461 abrumpit
791 1424 880 1448 cuia
899 1411 1077 1448 s:·1lub10s.

93 1463 278 1514 Tempore
296 1477 372 1502 non
392 1463 463 1501 alio
483 1463 615 1501 dicunt
632 1463 848 1514 regionibus
866 1464 940 1501 illis

93 1516 282 1563 Quaesitas
301 1517 349 1554 ad
367 1530 471 1554 saera.
488 1516 602 1554 boves
622 1516 650 1554 J
651 1517 799 1563 monis,
818 1519 857 1554 et
876 1517 953 1555 uris

95 1567 308 1620 [Inparibus
327 1569 461 1607 ductos
479 1569 558 1607 alta
575 1569 622 1607 ad
641 1569 793 1607 donaria
810 1583 952 1607 currus.

91 1621 200 1673 Ergo
219 1635 319 1674 aegre
336 1622 468 1660 rastris
486 1624 628 1660 terram
646 1622 845 1669 rimantur,
865 1624 905 1660 et
923 1622 1014 1672 ipsis

93 1675 299 1726 Unguibus
316 1675 508 1714 infodiunt
527 1675 666 1726 smgoe,
685 1677 908 1725 montesque
925 1689 992 1725 per
1010 1674 1108 1712 altos

94 1727 288 1767 Contenta
304 1729 446 1767 cervice
464 1728 625 1766 trahunt
644 1728 844 1766 stridentia
861 1728 1042 1778 plaustra.

95 1781 188 1820 Non
206 1781 317 1832 lupus
335 1781 489 1819 insidias
509 1781 678 1831 explorat
698 1781 812 1819 ovilia
829 1781 982 1827 circum,

95 1833 179 1872 Nee
197 1835 376 1885 gregibus
394 1837 611 1872 nocturnus-
622 1833 863 1881 obambulat3
891 1834 1011 1871 acrior
1028 1833 1133 1870 11111111

98 1885 199 1924 Cura
215 1887 368 1925 domat:
395 1887 524 1925 timidi
542 1887 663 1924 damae
682 1887 855 1937 cervique
873 1887 1025 1938 fugaces

97 1937 139 1977 N
139 1952 214 1977 une
226 1939 399 2001 interque
417 1953 526 1978 canes
545 1942 585 1978 et
603 1940 743 1978 circum
761 1942 866 1978 tecta
881 1942 1082 1991 vagantur.

99 1990 127 2029 J
128 2005 190 2030 am
207 1992 321 2030 maris
337 1993 513 2032 immensi
529 1992 674 2044 prolem
692 1995 731 2031 et
750 2006 869 2044 genus
887 2005 998 2031 omno
1016 1992 1217 2029 natantum

98 2043 258 2083 Litore
248 2058 289 2083 m
306 2047 485 2092 extremo,
500 2059 568 2084 ceu
586 2046 768 2097 naufraga
786 2059 951 2097 corpora,
973 2046 1109 2082 ssuctus

99 2096 273 2145 Proluit3
299 2097 463 2136 insolitae
477 2077 662 2149 'fugiunt'
652 2113 693 2136 1n
711 2099 869 2136 flumina
886 2099 1030 2148 phocae.

99 2150 244 2189 Interit
261 2151 301 2189 et
319 2150 443 2188 curvis
460 2150 602 2189 frustra
618 2151 769 2190 defensa
785 2151 938 2188 latebris

98 2202 250 2255 Vipera,
269 2205 309 2241 et
326 2203 485 2241 attoniti
501 2205 666 2254 squamis
683 2204 896 2242 astantibus
915 2201 1038 2253 hydri.

99 2255 203 2310 Ipsis
221 2257 280 2297 est
297 2258 362 2297 abr
380 2256 512 2299 avibus
529 2269 608 2297 non
625 2270 769 2310 aequus,
788 2258 828 2294 et
845 2255 920 2293 111ae

1298 357 1375 394 510

1299 620 1375 658 515
