1539 2370
487 109 729 141 GEORGIOON
744 111 829 142 IaI‘B.
848 113 918 142 111.

67 205 221 259 Injusto
239 207 310 247 sub
327 207 427 247 fasee
443 205 546 245 viam
565 219 685 257 quum
704 207 836 260 carpit,
855 209 896 247 et
913 207 1017 248 hosti

64 259 169 299 Ante
186 262 446 312 exspectatum
463 260 598 310 positis
617 262 696 299 stat
712 261 754 299 in
771 261 922 312 agmine
940 262 1084 302 castris.

64 313 122 351 At
138 326 227 362 non,
246 327 321 364 qua
339 314 508 365 Scythiae
526 316 660 364 gentes
678 314 907 365 Maeotiaque
925 315 1039 362 unda,

64 364 257 405 Turbidus
275 368 315 405 et
332 368 514 417 torquens
532 366 714 405 flaventes
732 366 870 406 Hister
888 380 1029 413 arenaS‚
1252 370 1333 409 350

65 417 221 470 Quaque
237 419 338 458 redit
355 419 523 458 medium
541 419 728 470 Rhodope
746 422 919 470 porrecta
935 421 1006 459 sub
1025 433 1144 459 axem.

65 469 150 509 Illic
169 471 295 510 clausa
311 474 447 511 tenent
465 472 623 511 stabulis
643 475 835 520 armenta3
862 486 983 524 neque
1001 473 1090 512 ullae

63 524 146 561 Aut
164 524 293 564 herbae
310 537 442 576 campo
460 526 642 576 apparent
661 528 727 563 aut
747 526 877 564 arbore
895 526 1068 574 frondes;

63 575 138 614 Sed
149 576 253 627 jacet
271 578 471 629 aggeribus
489 578 608 616 niveis
626 578 798 616 informis
820 581 860 616 et
879 579 958 618 alto

62 628 180 667 Terra
196 630 286 680 gelu
302 631 390 678 late,
409 632 627 681 septemque
641 632 806 681 assurgit
824 631 865 669 in
883 632 1013 670 ulnas:
1253 632 1330 670 355

62 680 217 732 Semper
233 683 366 730 hiems,
385 696 531 733 semper
549 683 734 734 spirantes
752 684 894 734 frigora
907 683 1031 722 Cauri.

63 733 164 772 Tum
183 734 248 773 Sol
265 735 448 786 pallentes
467 736 569 774 haud
587 749 755 786 unquam
774 737 932 775 discutit
951 737 1126 776 umbras:

61 785 104 823 N
105 799 146 825 ec
165 801 282 838 quum
300 789 473 827 invectus
492 789 597 839 equis
617 789 738 827 altum
756 789 856 840 petit
874 789 1029 836 aethera‚
1067 803 1135 829 nec
1155 803 1271 840 quum

61 837 305 891 Praecipitem
323 842 452 880 oceani
469 842 583 880 rubro
601 842 695 880 lavit
715 855 864 893 aequore
883 855 1047 880 currum.

60 890 319 932 Concrescunt
338 894 475 933 subitae
494 894 661 932 currenti
677 895 719 932 in
736 895 892 933 flumine
912 898 1061 942 erustae,
1249 897 1327 934 360

61 943 248 996 Undaque
259 947 342 998 jam
359 949 469 998 tergo
487 947 646 986 ferratos
664 947 828 985 sustinet
846 948 966 994 orbes,

60 995 258 1048 Puppibus
276 999 342 1037 illa
357 1000 473 1050 prius,
491 999 632 1050 patulis
649 1013 751 1039 nunc
768 1000 921 1050 hospita
938 1000 1127 1051 plaustris.

59 1048 225 1100 AEraque
243 1052 434 1091 dissiliunt
451 1052 578 1104 vulgo,
597 1054 794 1103 vestesque
811 1053 1006 1104 rigescunt

59 1100 225 1151 Indutae,
244 1105 469 1156 caeduntque
488 1105 678 1144 securibus
696 1105 854 1143 humida
871 1105 972 1152 vina,

59 1153 115 1192 Et
131 1156 228 1195 totae
246 1157 405 1196 solidam
422 1158 462 1196 in
480 1157 641 1208 glaciem
659 1160 806 1197 vertere
823 1159 982 1206 lacunae,
1247 1159 1323 1197 365

58 1206 246 1259 Stiriaque
262 1210 421 1261 impexis
439 1211 611 1248 induruit
629 1211 781 1249 horrida
798 1212 935 1249 barbis.

59 1259 212 1300 Interea
228 1264 314 1301 toto
332 1277 409 1301 non
427 1263 546 1302 secius
566 1266 651 1302 aere
669 1264 796 1314 ningit
811 1281 818 1310 3

59 1311 261 1353 Intereunt
279 1316 450 1365 pecudes,
470 1317 575 1353 stant
594 1316 819 1353 circumfusa
837 1315 981 1364 pruinis

57 1365 225 1417 Corpora
242 1379 380 1416 magna
398 1367 527 1414 boum,
550 1366 794 1415 confertoque
813 1367 963 1416 agmine
983 1367 1082 1404 cervi

57 1419 224 1468 Torpent
242 1420 341 1456 mole
360 1432 469 1467 nova,
491 1424 528 1457 et
547 1420 707 1457 summis
726 1420 792 1457 vix
811 1420 988 1457 cornibus
1008 1424 1168 1458 exstant.
1228 1419 1308 1458 370

57 1471 141 1510 Hos
160 1485 237 1510 non
255 1473 436 1510 immissis
456 1473 625 1521 canibus,
646 1486 723 1511 non
742 1474 910 1510 cassibus
929 1473 1030 1521 ullis,

58 1525 280 1564 Puniceaeve
299 1527 446 1576 agitant
465 1527 624 1576 pavidos
642 1527 846 1564 formidine
865 1527 994 1576 pinnae
1010 1542 1016 1564 :

58 1579 135 1617 Sed
152 1580 292 1617 frustra
311 1581 529 1629 oppositum
548 1580 744 1618 trudentes
763 1586 913 1630 pectore
933 1584 1101 1618 montem

59 1632 242 1671 Cominus
261 1633 490 1671 obtruncant
508 1633 618 1681 ferro,
639 1634 878 1683 graviterque
897 1634 1075 1672 rudentes

58 1685 233 1735 Caedunt,
253 1691 291 1724 et
311 1699 449 1737 magno
467 1687 548 1725 laeti
567 1687 728 1725 clamore
747 1693 950 1736 reportant.
1227 1688 1305 1727 375

58 1739 138 1788 Ipsi
156 1740 198 1778 in
217 1740 376 1778 defossis
395 1741 582 1791 specubus
601 1754 729 1778 secura
748 1741 819 1778 sub
839 1741 916 1778 alta.

58 1792 149 1830 Otia
166 1798 286 1843 agunt
305 1798 414 1842 terra,
437 1799 688 1844 congestaque
706 1795 840 1832 robora
858 1799 1032 1845 totasque

58 1845 270 1884 Advolvere
288 1848 384 1885 focis
402 1848 537 1896 ulmos,
557 1849 714 1898 ignique
733 1849 879 1886 dedere.

59 1899 135 1936 Hie
153 1905 302 1938 noctem
320 1901 412 1939 ludo
431 1902 588 1950 ducunt,
610 1907 648 1939 et
666 1902 802 1951 pocula
821 1902 900 1939 laeti

59 1952 260 1990 Fermento
279 1958 392 2004 atque
410 1955 529 1992 acidis
546 1955 750 1993 imitantur
768 1956 870 1993 vitea
888 1956 1018 1994 sorbis.
1227 1953 1304 1993 380

58 2005 161 2044 Talis
179 2006 411 2055 hyperboreo
430 2013 576 2058 septem
594 2009 764 2058 subjecta
781 2009 897 2046 trioni

59 2060 162 2097 Gens
181 2060 320 2097 effrena
338 2061 462 2099 virum
482 2062 642 2112 thpaeo
662 2063 838 2100 tunditur
857 2076 956 2110 euro,

57 2112 109 2150 Et
128 2113 317 2162 pecudum
335 2113 452 2152 fulvis
470 2115 617 2153 velatur
636 2129 789 2165 corpora
807 2117 920 2153 scutis,

112 2166 156 2205 Si
174 2166 247 2204 tibi
264 2166 442 2205 lanitium
461 2180 570 2217 curae,
591 2169 757 2219 primum
776 2182 906 2218 aspera
925 2168 1020 2205 silva

58 2219 275 2269 Lappaeque
295 2220 503 2270 tribulique
522 2222 648 2260 absint
662 2237 673 2270 ;
701 2223 789 2272 fugc
809 2221 948 2270 pabula
967 2221 1054 2259 laeta
1068 2235 1079 2270 ;
1227 2223 1304 2264 385

59 2273 327 2324 Continuoque
345 2287 476 2325 greges
495 2274 597 2312 villis
616 2275 697 2326 lege
718 2275 897 2312 mollibus
916 2275 1031 2315 albos.
