1544 2400
557 96 592 124 P.
613 94 713 124 vtRG
719 96 800 124 1L11
828 95 1017 125 MARONIS

150 190 262 228 Unde
280 190 453 229 homines
471 190 565 238 nati,
585 191 722 230 durum
740 205 872 243 genus.
928 192 1035 244 Ergo
1054 206 1135 245 age,
1152 196 1263 233 terroe

149 242 298 294 Pingue
316 243 439 282 solum
456 244 589 294 primis
609 246 800 295 extemplo
819 258 842 283 a
859 246 1051 285 mensibus
1071 249 1160 286 anni

148 295 286 334 Fortes
305 297 501 335 invertant
519 298 633 344 tauri,
653 298 856 348 glebasque
870 299 1040 349 jacentes

148 347 422 388 Pulverulenta
439 353 578 401 eoquat
597 351 757 388 maturis
777 351 919 389 solibus
939 355 1049 391 aestas
1063 368 1076 393 τ

146 402 204 440 At
221 402 254 440 si
271 416 350 441 non
366 403 483 441 suerit
508 403 623 442 tellus
642 404 813 451 secunda,
833 405 904 443 sub
921 405 1048 455 ipsum

145 455 357 494 Arcturum
375 456 483 494 tenui
502 459 562 494 sat
581 457 654 494 erit
673 457 899 507 suspendere
917 458 1021 497 sulco
1037 475 1047 507 ;

146 507 245 556 Illic,
266 509 433 547 officiant
451 509 549 547 laetis
568 522 615 547 ne
634 510 807 559 frugibus
826 510 963 558 herbae,
1022 535 1058 572 Q&

146 560 237 608 Hie,
256 562 425 599 sterilem
444 563 603 612 exiguus
622 576 670 600 ne
689 564 837 601 deserat
856 563 995 602 humor
1013 578 1177 604 arenam.

197 614 369 653 Alternis
387 615 488 652 idem
506 620 637 653 tonsas
657 629 799 654 cessare
818 617 982 663 novales,

145 666 202 704 Et
220 680 376 718 segnem
395 668 538 718 patiere
558 669 635 706 situ
655 669 850 707 durescere
869 683 1069 721 eampum3

149 720 229 760 Aut
247 721 300 759 ibi
318 721 416 758 flava
434 734 532 760 seres
551 724 703 759 mutato
723 722 842 760 sidere
861 723 971 770 sarra,

148 772 258 812 Unde
277 774 381 824 prius
400 774 532 812 laetum
552 775 689 824 siliqua,
707 778 909 825 quassante
928 776 1118 825 legumen,

145 826 228 864 Aut
246 829 380 864 tenues
398 827 500 864 fetus
517 827 624 865 vieiae
642 828 840 878 tristisque
859 829 981 879 lupini

145 878 351 918 Sustuleris
369 879 521 929 fragiles
541 880 704 918 calamos
723 880 932 931 silvamque
951 885 1163 921 sonantem.

145 931 236 970 Urit
255 933 357 970 enjm
374 932 443 969 lini
463 946 637 983 campum
658 946 776 984 seges,
795 935 874 972 urit
893 947 1042 977 avenae·.

145 984 276 1023 Urunt
295 985 454 1023 Lethaeo
472 988 624 1036 perfusa
641 1000 827 1036 papavera
846 1000 989 1025 somno.

145 1037 220 1076 Sed
236 1040 367 1077 tamen
387 1038 542 1076 alternis
561 1039 682 1076 facilis
702 1040 817 1086 labor,
837 1041 942 1078 arida
959 1042 1115 1079 tantum

144 1091 207 1130 Ne
225 1093 395 1129 saturare
413 1091 504 1129 fimo
523 1092 655 1142 pingui
676 1093 817 1142 pudeat
839 1093 930 1139 sola,
948 1107 1043 1132 neve

144 1144 293 1182 Effetos
313 1144 477 1182 cinerem
495 1145 738 1182 immundum
752 1145 897 1196 jactare
915 1159 982 1196 per
1001 1160 1123 1197 agros.

144 1197 206 1236 Sie
225 1210 373 1247 quoque
391 1198 553 1235 mutatis
571 1197 814 1248 requiescunt
832 1199 973 1237 fetibus
992 1212 1094 1247 arva,

143 1250 227 1288 Nee
246 1250 353 1288 nulla
368 1250 516 1288 interea
533 1253 592 1289 est
610 1251 767 1289 inaratae
786 1253 911 1301 gratia
928 1255 1051 1291 terrae.

144 1303 250 1354 Saepe
269 1303 386 1342 etiam
405 1303 551 1342 steriles
569 1304 767 1342 incendere
785 1305 930 1355 profuit
948 1318 1059 1357 agros

144 1357 274 1407 Atque
292 1356 414 1395 levem
433 1357 614 1408 stipulam
633 1358 907 1408 crepitantibus
926 1372 1033 1397 urere
1050 1357 1236 1398 fiammis:

144 1409 232 1448 Sive
248 1409 337 1448 inde
355 1411 522 1448 occultas
541 1411 638 1448 vires
657 1415 697 1448 et
716 1411 855 1460 pabula
871 1414 983 1450 terrae

144 1461 310 1514 Pinguia
327 1463 570 1514 concipiunt-,3
597 1464 675 1502 sive
695 1463 768 1503 illis
787 1477 899 1503 omne
917 1478 984 1515 per
1001 1464 1130 1515 ignem

143 1515 383 1566 Exeoquitur
400 1516 552 1563 vitium,
571 1518 685 1567 atque
694 1517 853 1557 exsudat
862 1517 1010 1556 inutilis
1029 1518 1191 1566 humor;

144 1568 218 1606 Seu
236 1569 362 1620 plures
381 1569 482 1608 calor
499 1569 562 1608 ille
580 1571 660 1608 vias
679 1572 718 1608 et
737 1583 835 1609 eaeca
851 1571 995 1609 relaxat

144 1621 395 1671 Spitamenta,
414 1636 531 1661 novas
549 1623 678 1661 veniat
697 1637 772 1674 qua
789 1637 900 1662 sucus
919 1624 958 1661 in
978 1624 1134 1672 herba53

144 1674 220 1712 Seu
238 1674 350 1712 durat
369 1676 492 1726 magis
511 1678 551 1713 et
570 1689 684 1714 venas
703 1677 884 1728 astringit
903 1677 1064 1726 hiantes,

144 1727 207 1765 Ne
225 1729 359 1766 tenues
377 1728 526 1779 pluviae,
546 1729 711 1779 rapidive
732 1730 905 1776 potentia
923 1730 1011 1767 solis

144 1779 290 1827 Acrior,
310 1784 378 1819 aut
397 1782 518 1819 boreae
537 1783 772 1832 penetrabile
789 1783 907 1832 frigus
927 1783 1073 1821 adurat.

145 1832 318 1871 Multum
338 1834 442 1880 adeo,
462 1835 594 1872 rastris
613 1835 744 1885 globus
762 1836 825 1885 qui
845 1836 990 1887 frangit
1007 1836 1148 1874 inertes

144 1885 411 1937 Vimineasque
431 1887 552 1924 trahit
571 1891 704 1933 crates,
717 1891 830 1938 Juvat
849 1902 939 1926 arva
955 1905 963 1934 ;
990 1901 1111 1939 neque
1130 1887 1236 1925 illum

147 1938 267 1977 Flava
285 1938 397 1978 Ceres
416 1939 495 1977 alto
515 1941 769 1990 nequidquam
788 1944 936 1991 spectat
955 1941 1122 1992 Olympo
1139 1957 1146 1989 3

147 1992 201 2029 lit
220 1992 295 2042 qui,
314 1992 498 2043 proscisso
518 2006 600 2043 qum
619 1993 779 2031 suscitat
798 2007 945 2044 aequore
963 1996 1084 2044 terga,

147 2044 294 2083 Rursus
312 2046 352 2083 in
372 2045 566 2096 obliquum
587 2059 693 2083 verso
713 2047 924 2097 perrumpit
943 2049 1080 2093 aratro,

146 2097 383 2148 Exercetque
402 2099 576 2149 frequens
594 2098 781 2144 tellurem,
801 2102 915 2150 atque
934 2100 1096 2150 imperat
1114 2099 1256 2152 arvis-‚s

110 2155 158 2195 -3‘
198 2150 373 2189 'Humida
391 2151 555 2189 solstitia
573 2154 686 2202 atque
705 2152 848 2190 hiemes
867 2155 971 2190 orate
991 2166 1150 2201 sercuaS,

147 2203 332 2252 Agricola}
349 2220 357 2250 ς
385 2204 543 2243 hiberno
561 2204 756 2243 lzutissima
773 2205 925 2255 pulvere
945 2206 1053 2253 sarra,

148 2257 276 2294 uetus
296 2269 407 2309 πει-η
436 2257 539 2295 nullo
559 2261 711 2296 tantum
732 2272 770 2296 se
791 2258 919 2304 Mysia
938 2259 1042 2297 cultu

1362 1096 1415 1135 80

1335 2153 1411 2192 100
