1544 2400
524 112 560 140 P.
580 112 767 142 VIBGILII
785 111 977 141 numm

141 205 209 245 Fit
227 206 389 255 sonitus,
406 210 655 258 mussantque
674 221 757 246 oras
776 210 816 247 et
833 208 967 247 limina.
984 207 1138 246 circum.

140 258 249 307 Post,
268 260 335 298 ubi
347 259 429 311 jam
447 260 627 299 thalamis
646 275 685 299 se
706 274 960 312 composuere,
979 261 1113 299 siletur

139 311 191 350 In
208 315 373 362 noctem,
392 314 584 364 fessosque
603 328 715 365 sopor
733 328 825 352 suus
845 317 1005 364 occupat
1023 318 1142 352 artus.

139 365 224 404 Nec
244 379 331 405 vero
349 380 372 404 a
390 367 550 405 stabulis
568 367 700 418 pluvia
716 368 959 418 impendente
977 368 1160 406 recedunt

139 417 325 470 Longius,
344 422 413 458 aut
431 420 593 458 eredunt
613 420 708 459 coelo
726 420 1023 459 adventantibus
1043 421 1165 467 euris;

139 471 215 510 Sed
234 473 377 511 circum
396 475 496 511 tutae
515 474 587 512 sub
606 473 796 512 moenibus
815 474 921 512 urbis
939 477 1146 524 aquantur,¹

139 523 408 575 Excursusque
426 525 557 564 breves
576 528 743 574 tentant,
763 529 803 565 et
821 540 921 578 saepe
938 526 1097 577 lapillos,

139 577 199 616 Ut
218 579 366 629 cymbae
385 578 582 617 instabiles
600 579 725 618 fluctu
736 580 910 631 jactante
929 580 1137 628 saburram,

137 629 319 670 Tollunt:
348 631 408 669 his
427 645 507 670 sese
525 645 592 683 per
604 632 734 671 inania
749 633 883 671 nubila
899 633 1053 671 librant.

138 682 258 722 Illum
277 684 369 723 adeo
387 684 572 735 placuisse
586 686 720 737 apibus
739 686 924 725 mirabere
937 698 1094 733 morem,

139 736 252 784 Quod
269 750 338 776 nee
357 738 566 776 concubitu
583 739 799 789 indulgent,
817 752 887 777 nee
906 752 1062 789 corpora
1080 751 1214 790 segnes

138 788 189 827 In
208 789 395 829 Venerem
414 791 569 829 solvunt
587 794 656 830 ant
674 792 775 829 setus
794 792 945 830 nixibus
963 792 1107 839 edunt3

137 841 284 881 Verum
301 844 394 894 ipsae
412 856 433 882 e
450 844 551 882 foliis
569 847 681 883 natos
700 848 740 882 et
759 845 937 882 suavibus
956 845 1082 883 herbis

137 894 213 934 Ore
232 895 390 947 legunt;
417 896 510 947 ipsae
528 910 658 947 regem
676 910 886 948 parvosque
905 898 1073 944 Quirites

137 947 353 997 Sufficiunt,
372 949 553 1000 aulasque
571 953 611 988 et
629 963 736 989 cerea
752 963 871 1001 regna
886 951 1094 1001 refingunt.

137 1000 248 1052 Saepe
267 1003 383 1041 etiam
402 1002 506 1040 duris
525 1003 684 1042 errando
702 1004 743 1042 in
761 1004 911 1042 cotibus
930 1003 1008 1041 alas

136 1055 345 1103 Attrivere,
363 1055 542 1106 ultroque
561 1056 728 1094 animam
746 1057 818 1094 sub
837 1056 935 1095 fasee
953 1056 1110 1102 dedere3

137 1106 286 1146 Tantus
305 1121 411 1147 amor
428 1109 566 1147 florum
584 1111 625 1147 et
641 1109 847 1160 generandi
864 1109 986 1160 gloria
1002 1109 1137 1148 mellis,

137 1160 244 1211 Ergo
262 1161 362 1212 ipsas
382 1162 554 1212 quamvis
573 1163 730 1213 angusti
747 1163 935 1200 terminus
953 1163 1026 1200 aevi

137 1213 327 1264 Excipiat,
351 1215 491 1264 (neque
510 1215 612 1253 enim
630 1215 716 1265 plus
735 1215 898 1265 septima.
916 1215 1071 1253 ducitur
1088 1214 1221 1263 aestas)

137 1267 194 1304 At
212 1280 333 1317 genus
351 1267 567 1306 immortale
587 1271 728 1315 manet,
747 1268 965 1318 multosque
983 1281 1051 1318 per
1069 1280 1186 1305 annos

138 1318 227 1357 Stat
245 1320 400 1358 fortuna
417 1320 563 1368 domus,
583 1323 623 1359 et
641 1322 702 1359 avi
721 1324 971 1359 numerantur
989 1333 1183 1374 avorum„-

140 1371 334 1411 Praeterea
351 1386 480 1424 regem
500 1387 577 1411 non
596 1374 650 1412 sie
668 1373 862 1425 AEgyptos
881 1377 921 1413 et
939 1374 1074 1425 ingens

139 1423 274 1475 Lydia,
293 1439 363 1465 nee
381 1427 511 1478 populi
531 1427 765 1465 Parthorum
785 1430 853 1465 aut
871 1427 1011 1465 Medus
1031 1425 1235 1477 Hydaspes

140 1477 366 1518 Observant.
422 1479 531 1530 Rege
549 1480 730 1519 incolumi
749 1493 855 1519 mens
874 1480 1050 1519 omnibus
1068 1492 1144 1518 una
1162 1481 1244 1526 est;

139 1531 305 1579 Amisso,
323 1545 457 1583 rupere
477 1533 592 1571 fidem
610 1535 905 1583 constructaque
924 1532 1040 1571 mella

140 1582 341 1635 Diripuere
360 1585 464 1636 ipsae,
483 1589 524 1624 et
543 1589 665 1624 crates
684 1586 827 1625 solvere
846 1588 1030 1624 favorum.

141 1636 213 1675 Ille
232 1651 388 1688 operum
408 1641 559 1686 eustos;
587 1639 696 1677 illum
715 1639 963 1687 admirantur,
983 1641 1023 1677 et
1042 1651 1172 1677 omnes

141 1688 403 1729 Circumstant
421 1691 578 1729 fremitu
597 1693 725 1739 denso,
745 1694 964 1743 stipantque
984 1693 1222 1742 frequentes3

141 1741 197 1780 Et
217 1755 315 1793 saepe
335 1744 523 1782 attollunt
541 1744 720 1791 humeris,
742 1748 782 1783 et
801 1759 958 1795 corpora
975 1745 1074 1782 bello

140 1794 357 1846 Objectaut,
377 1796 647 1847 pulchramque
667 1800 805 1848 petunt
823 1811 889 1848 per
907 1797 1064 1834 vulnera
1081 1797 1256 1835 mortem.

194 1848 270 1886 llis
289 1849 443 1899 quidam
463 1850 582 1899 siguis
601 1854 715 1900 atque
734 1850 816 1889 hoec
834 1850 1005 1900 exemplu
1022 1849 1154 1898 secuti,

142 1901 237 1940 Esse
256 1903 388 1952 apibus
408 1907 555 1953 partem
576 1903 715 1941 divinae
734 1904 874 1941 mentis
893 1907 933 1941 et
953 1903 1112 1940 haustus

142 1954 337 1993 AEtherios
356 1955 503 1994 dixere:
533 1956 646 1993 deum
665 1970 828 2006 namque
847 1957 900 1994 ire
918 1969 985 2006 per
1003 1969 1133 1993 omnes

142 2007 351 2058 'serrasque
369 2011 590 2059 tractusque
610 2009 724 2046 maris
743 2009 954 2058 coelumque
972 2008 1226 2059 prosundum3

143 2060 249 2099 lline
268 2061 440 2112 pecudes,
459 2064 642 2109 armenta,
662 2062 775 2107 viros,
795 2075 914 2112 genus
933 2075 1045 2100 omne
1066 2063 1240 2110 serarum,

143 2113 340 2164 Quemque
359 2115 430 2153 sibi
449 2117 583 2153 tenues
601 2119 817 2153 nascentem
838 2128 1020 2153 arcessere
1040 2115 1160 2163 vitas5

142 2165 296 2204 Scilicet
315 2167 389 2206 hue
408 2168 513 2206 reddi
533 2168 668 2207 deinde
686 2181 729 2207 no
747 2167 914 2207 resoluta
932 2168 1061 2206 reici-ri

143 2217 304 2266 Omnia;
332 2234 400 2259 nec
419 2221 536 2260 morti
553 2234 633 2261 esse
650 2220 787 2270 locum,
806 2221 872 2260 sed
890 2221 978 2259 viva
995 2220 1121 2260 volare

143 2270 283 2313 Sideris
301 2272 342 2312 in
360 2287 562 2315 numerum
580 2277 695 2327 atquo
712 2272 792 2317 alto
809 2280 1006 2317 succedere
1023 2273 1131 2316 ooelo.

1335 315 1413 355 190

1335 580 1412 619 195

1333 845 1412 883 200

1333 1108 1410 1146 205

1332 1637 1408 1675 215

1333 1901 1412 1941 220

1330 2166 1355 2206 'm

1358 2165 1383 2206 to

1385 2167 1410 2205 Φ
