1539 2370
525 107 744 137 BUCOLICA.
788 108 888 137 4:012.
909 111 965 137 1x.

117 201 220 242 Talis
239 216 344 242 amor
362 203 504 250 teneat,
523 217 592 242 nee
611 204 662 242 sit
680 203 776 242 mihi
795 216 883 242 cura
901 204 1054 242 mederi.

115 256 257 295 Ducite
275 257 322 295 ab
340 257 433 294 urbe
452 257 618 303 domum,
638 270 723 294 mea
741 257 919 303 carmina,
940 257 1068 295 ducite
1087 257 1293 308 Daphnim.
1328 259 1380 298 Sil

113 307 201 348 Has
219 309 309 348 olim
329 309 482 347 exuvias
500 309 597 346 mihi
616 309 781 359 perfidus
800 309 863 347 ille
880 309 1034 360 reliquit

114 360 284 412 Pignora
301 375 386 400 cara
404 362 474 408 sui,
493 375 577 412 quae
595 375 696 400 nune
715 375 785 412 ego
804 361 934 400 limine
952 362 992 399 in
1011 362 1105 412 ipso,

114 414 243 461 Terra,
261 415 335 453 tibi
353 415 491 452 mando
506 431 514 461 ;
543 415 683 452 debent
701 414 781 452 haec
800 415 960 465 pignora
978 414 1185 465 Daphnim.

113 466 256 505 Ducite
275 468 322 505 ab
340 468 432 506 urbe
452 467 620 513 domum,
641 480 725 505 mea
743 468 921 514 earmina,
941 467 1068 505 ducite
1087 467 1295 520 Daphnim.

114 518 200 558 Has
219 519 353 558 herbas
373 523 486 571 atque
504 521 585 558 haee
605 520 731 558 Ponto
751 520 846 557 mihi
864 520 964 558 lecta
981 533 1126 559 venena
1329 522 1378 560 95

114 571 329 622 Ipsededit
349 573 506 620 Moeris3
534 576 744 611 naseuntur
761 573 925 622 phu'ima
944 572 1083 612 Ponto.

113 624 190 663 His
209 639 279 676 ego
298 639 395 676 saepe
413 626 546 675 lupum
566 626 646 663 sieri
666 628 704 663 et
725 639 762 663 se
783 626 941 663 condere
960 625 1063 663 silvis

113 677 278 725 Moerim,
296 689 394 729 saepe
404 679 548 716 animas
567 679 652 715 imis
672 678 792 715 excire
813 678 1004 728 sepulcris,

113 731 243 781 Atque
262 733 363 769 satas
383 731 455 769 alio
474 731 552 768 vidi
571 731 768 769 traducere
786 744 936 768 messes.

113 783 256 822 Ducite
274 784 321 822 ab
339 784 432 822 urbe
451 784 618 829 domum,
637 797 722 821 mea
741 784 918 829 earmina,
934 784 1061 821 ducite
1081 783 1287 834 Daphnim.
1305 786 1380 823 100

113 835 147 874 F
149 849 189 874 er
207 837 360 884 cineres,
379 836 579 887 Amarylli,
599 836 709 882 foras,
728 836 883 886 riquue
902 837 1036 874 fluenti

112 888 308 940 Transque
327 892 442 940 caput
455 889 551 939 jace,
570 902 638 927 nec
657 889 874 938 respexeris.
932 889 1007 926 His
1027 901 1097 939 ego
1117 888 1310 940 Daphnim

112 942 347 992 Aggrediar3
375 942 472 979 nihil
489 941 553 979 ille
572 942 672 987 deos,
691 941 746 978 nil
766 941 932 979 earmina
951 945 1070 979 curat.

112 993 254 1032 Ducite
271 995 318 1032 ab
337 995 429 1032 urbe
449 995 615 1040 domum,
635 1007 720 1031 mea
738 994 916 1040 earmina,
936 994 1064 1031 ducite
1083 993 1292 1044 Daphnim.

112 1047 272 1097 Aspiee;
300 1047 482 1097 corripuit
501 1046 674 1084 tremulis
693 1046 828 1083 altaria
845 1046 1008 1083 flammis
1244 1093 1246 1097 .
1303 1048 1378 1085 105

112 1099 256 1149 Sponte
275 1112 353 1145 sua,
373 1100 464 1137 dum
484 1100 578 1137 ferre
597 1112 733 1145 moror,
753 1099 847 1136 einis
866 1099 956 1148 ipse.
1013 1098 1165 1136 Bonum
1186 1099 1258 1137 sit!

112 1151 252 1190 Nescio
271 1152 362 1203 quid
381 1155 482 1190 certe
502 1154 582 1199 est3
610 1154 650 1190 et
670 1151 802 1202 Hylax
820 1152 862 1188 in
879 1151 1010 1189 limine
1028 1151 1157 1189 latrat.

112 1203 343 1243 Credimus?
362 1217 421 1251 an,
442 1205 507 1255 qui
525 1207 668 1251 amant,
686 1204 760 1254 ipsi
779 1204 850 1241 sibi
869 1204 1016 1242 somnia
1035 1203 1221 1253 fingunt?

113 1255 274 1306 Parcite,
294 1258 341 1296 ab
359 1258 452 1296 urbe
471 1258 588 1306 venit,
603 1258 683 1308 jam
702 1257 857 1307 parcite,
877 1257 1054 1305 earmina,
1074 1256 1289 1308 Daphnis.''

455 1384 673 1422 ECLOGA
702 1384 775 1422 IX.
832 1384 1035 1422 MOERIS.

165 1470 266 1509 LYc.
295 1470 379 1518 Quo
397 1472 448 1517 te,
465 1470 592 1517 Moeri,
608 1471 720 1521 pedes
736 1469 754 1509 Ρ
775 1484 834 1518 au,
849 1484 924 1521 quo
943 1471 1006 1508 via
1023 1470 1141 1517 ducit,
1155 1470 1196 1508 in
1214 1471 1345 1509 urbem
1360 1471 1379 1510 Ρ

164 1523 288 1561 MOER.
317 1523 351 1561 O
370 1523 527 1574 Lycida,
546 1524 624 1560 vivi
641 1523 893 1574 pervenimus,
912 1524 1057 1562 advena
1074 1524 1196 1561 nostri

119 1575 248 1625 (Quod
266 1589 461 1626 nunquam
479 1576 594 1614 veriti
612 1576 773 1626 sumus,)
797 1584 843 1614 ut
861 1589 1051 1627 possessor
1070 1576 1182 1625 agelli

110 1626 288 1667 Diceret:
317 1631 338 1648 “
352 1629 449 1667 Haee
467 1641 552 1667 mea
569 1631 682 1676 su11t3
705 1632 852 1667 veteres
870 1629 1034 1679 migrate
1053 1627 1218 1667 coloni.”

110 1679 226 1719 Nune
244 1681 349 1728 vie'ti,
367 1682 510 1728 tristes,
530 1682 708 1732 quoniam
728 1682 825 1720 Fors
844 1682 972 1721 onmia
989 1684 1127 1728 versat,
1353 1684 1378 1720 5

111 1733 196 1771 Hos
213 1733 270 1771 illi
293 1733 413 1784 (quod
428 1735 521 1773 bene
541 1747 609 1774 nec
631 1734 777 1784 vertat)
799 1735 992 1772 mittimus
1012 1735 1151 1772 haedos.

163 1785 264 1824 LYc.
293 1787 406 1825 Certe
424 1787 599 1837 equidem
617 1787 821 1834 audieram,
841 1801 916 1838 qua
934 1787 972 1825 se
992 1787 1198 1826 subducere
1217 1787 1328 1825 colles

111 1837 319 1889 Incipiunt,
338 1839 516 1890 mollique
529 1840 668 1891 jugum
687 1840 887 1878 demittere
907 1840 1016 1886 clivo,
1052 1876 1068 1882 ,Δ
1114 1850 1120 1854 ’

109 1889 241 1942 Usque
259 1892 308 1929 ad
325 1905 460 1942 aquam
480 1895 520 1931 et
538 1895 684 1930 veteres
711 1893 792 1944 jam
812 1893 933 1931 fracta
952 1893 1148 1931 cacumina
1177 1893 1296 1942 sag-0⁵,

111 1942 250 1982 Omnia
268 1945 496 1982 carminibus
514 1947 684 1983 vestrum
705 1958 871 1984 servasse
890 1945 1103 1984 Menalcan.
1325 1945 1376 1983 10

164 1995 287 2035 MOER.
315 1997 511 2044 Audieras,
531 2000 572 2036 et
590 1998 691 2036 sama
711 1998 808 2045 fuit3
836 1998 902 2036 sed
921 1998 1087 2036 carmina
1105 1999 1259 2035 tantum

111 2048 258 2086 Nostra
275 2049 416 2096 valent,
436 2050 592 2101 Lycida,
611 2051 689 2088 tela
706 2051 807 2089 inter
827 2051 983 2092 Mau-tia.
1003 2052 1189 2100 quantum

112 2100 300 2139 Chaonias
319 2101 464 2150 dieunt,
483 2103 608 2153 aquila
625 2103 812 2149 veniente,
825 2104 1037 2157 ,columbas

110 2153 222 2201 Quod
240 2153 314 2191 nisi
331 2167 392 2192 me
410 2167 645 2206 quacumque
664 2169 779 2194 novas
798 2155 960 2193 incidere
979 2155 1065 2192 lites

110 2206 216 2244 Ante
234 2205 389 2244 sinistra
406 2219 497 2244 cava
514 2207 724 2246 monuisset
745 2209 793 2245 ab
811 2208 894 2244 ilice
913 2207 1041 2244 cornix
1056 2225 1064 2245 ;
1325 2208 1374 2247 lo

110 2257 194 2297 Nee
211 2261 303 2297 tuus
321 2258 384 2297 hie
402 2258 548 2308 Moeris,
568 2272 636 2298 nec
655 2262 797 2299 viveret
817 2260 896 2310 ipse
915 2259 1119 2301 Iessnaleas.
