1544 2400
561 131 597 160 P.
618 129 808 161 menn
825 129 1015 162 lunoms

153 225 390 276 Arentesque
408 237 522 272 rosas,
542 229 609 265 aut
628 227 709 278 igni
726 227 884 279 pinguia
901 228 1026 267 multo

151 277 328 326 Desruta,
346 278 407 318 vel
424 279 569 330 psithia
585 293 714 331 passos
733 281 779 318 de
797 282 877 320 vite
895 295 1060 320 racemos

153 330 451 382 Cecropiumque
469 333 650 384 thymum
681 336 720 372 et
739 347 854 384 grave
872 335 1015 374 olentia
1032 338 1240 375 centaurea⁴

151 383 227 422 Est
246 385 362 424 etiam
380 387 449 424 ssos
467 386 506 423 in
526 387 658 436 pratis,
677 387 738 424 cui
757 399 897 426 nomen
915 388 1050 426 amello

152 437 294 476 Fecere
313 438 500 489 agricolae,
521 439 641 477 facilis
661 440 916 488 quaerentibus
936 441 1074 488 herba3

151 489 331 540 Namque
350 505 427 530 uno
445 492 641 543 ingentem
661 493 766 531 tollit
784 493 830 531 de
849 494 990 544 cespite
1009 494 1154 534 silvam.

150 544 302 581 Aureus
320 544 399 594 ipse
415 560 424 591 3
452 545 519 582 sed
535 545 575 582 in
594 545 704 592 soliis,
725 559 806 595 quae
824 546 988 597 plurima
1005 548 1145 585 circum

151 595 397 644 Funduntur,
415 597 527 635 violae
548 598 721 637 sublucet
738 612 906 649 purpura
922 600 1059 652 nigrae3

151 649 263 700 Saepe
281 650 395 688 deum
414 651 520 688 nexis
539 654 682 689 ornatae
701 652 900 702 torquibus
919 665 1014 699 arae;

152 702 278 752 Asper
295 703 335 740 in
355 716 418 741 ore
438 716 570 753 sapor3
597 705 719 742 tonsis
739 704 778 741 in
797 705 959 743 vallibus
978 706 1089 743 illum

152 753 332 794 Pastores
350 758 390 794 et
409 769 525 794 curva
542 756 678 807 legunt
697 770 812 807 prope
831 758 990 796 flumina
1007 758 1148 799 Mellae.

151 807 282 858 Hujus
301 808 458 847 odorato
477 809 619 847 radices
638 810 795 861 incoque
815 810 980 858 Baccho,

152 859 372 912 Pabulaque
389 861 430 899 in
450 862 592 900 foribus
611 862 731 912 plenis
750 876 896 914 appone
915 864 1103 902 canistris.

205 913 280 953 Sed
299 915 331 952 si
349 927 462 965 quem
481 914 605 965 proles
625 915 752 954 subito
772 916 950 955 defecerit
969 918 1104 962 omnia

151 966 248 1013 Nec,
267 980 387 1018 genus
406 968 507 1006 unde
526 981 634 1006 novae
652 968 782 1019 stirpis
801 972 1011 1017 revocetur,
1030 969 1186 1008 habebit
1203 985 1212 1018 ;

152 1019 321 1070 Tempus
340 1023 380 1058 et
398 1021 554 1058 Arcadii
573 1022 819 1060 memoranda
836 1022 994 1062 inventa
1011 1023 1184 1074 magistri

153 1071 336 1120 Pandere,
357 1086 506 1124 quoque
525 1074 638 1112 modo
657 1075 760 1112 eaesis
775 1075 856 1126 jam
876 1089 972 1126 stepo
986 1076 1159 1126 juvencis

152 1124 371 1165 Insincerus
390 1139 478 1176 apes
495 1126 631 1165 tulerit
649 1140 770 1165 cruor.
826 1128 956 1166 Altius
975 1142 1127 1168 omnem

152 1178 364 1229 Expediam
382 1180 507 1229 prima
523 1182 697 1231 repetens
716 1181 763 1219 ab
782 1181 929 1232 origine
948 1182 1100 1220 famam.

153 1231 258 1271 Nam
279 1246 355 1283 qua
373 1233 507 1271 Pellaei
525 1246 620 1283 gens
638 1233 835 1272 fortunata
854 1233 1000 1285 Canopi

153 1285 306 1324 Aeeolit
324 1286 442 1324 effuso
462 1288 707 1337 stagnantem
726 1286 882 1325 flumine
900 1287 1050 1334 Nilum,

152 1338 210 1376 Et
228 1338 369 1376 circum
388 1339 500 1390 pictis
520 1339 674 1378 vehitur
692 1353 760 1377 sua
778 1353 865 1378 rura
883 1340 1006 1379 saselis
1021 1357 1029 1386 ;

153 1391 311 1442 Quaque
330 1392 561 1442 pharetratae
579 1392 718 1431 vicinia
737 1392 905 1432 Persidis
923 1396 1050 1444 urget,

152 1443 208 1481 Et
237 1444 395 1482 viridem
427 1444 644 1496 AEgyptum
664 1446 774 1497 nigra
791 1446 970 1485 secundat
988 1459 1101 1485 arena

153 1496 210 1535 Et
229 1497 376 1536 diversa
393 1511 506 1536 ruens
524 1501 671 1549 septem
691 1500 868 1537 discurrit
887 1500 926 1537 in
945 1513 1011 1538 ora

153 1548 287 1601 Usque
306 1551 482 1589 eoloratis
502 1552 624 1590 amnis
643 1552 807 1590 devexus
827 1553 873 1590 ab
894 1552 1023 1591 Indis:

154 1602 288 1642 Omnis
307 1603 346 1642 in
367 1604 436 1642 hae
455 1607 597 1643 certam
616 1605 720 1655 regio
733 1605 830 1656 jacit
849 1608 929 1644 arte
948 1606 1122 1644 salutem.
1139 1610 1172 1648 >t

153 1655 328 1707 Exiguus
347 1658 511 1707 primum
533 1660 646 1708 atquc
665 1659 765 1708 ipsos
785 1661 1003 1698 contractus
1021 1659 1070 1698 ad
1088 1671 1178 1697 usus

153 1707 326 1758 Eligitur
345 1709 468 1748 loeus:
498 1710 599 1748 hunc
619 1712 846 1762 angustique
865 1712 1020 1750 imbrice
1038 1711 1133 1750 tecti

155 1759 444 1812 Parietibusque
462 1766 641 1812 premunt
660 1764 785 1810 arctis,
805 1767 844 1802 et
863 1767 1026 1815 quatuor
1044 1764 1191 1802 addunt

150 1812 340 1860 (Quutuor
356 1826 379 1851 a
394 1815 527 1866 ventis)
543 1816 695 1867 obliqua
712 1817 794 1855 luce
813 1818 1007 1855 fenestras

154 1865 255 1904 Tum
273 1867 429 1913 vitulus,
449 1868 551 1906 bima
569 1882 729 1907 curvans
742 1869 823 1919 jam
843 1883 983 1908 cornua
1002 1870 1138 1915 fronte,

155 1919 371 1967 Quaeritur3
399 1920 487 1958 huic
506 1922 667 1971 geminae
687 1936 794 1960 nares
814 1925 853 1959 et
873 1923 1030 1973 spiritus
1049 1921 1126 1961 oris

153 1972 286 2011 Multa
304 1974 507 2011 reluctanti
527 1973 755 2019 obstruitur,
778 1974 980 2024 plagisque
1001 1976 1174 2024 peremto

154 2025 286 2063 'runsa
304 2039 370 2076 per
389 2026 578 2077 integram
598 2027 799 2064 solvuntur
818 2028 960 2065 viscera
978 2029 1126 2079 pellem.

155 2078 216 2115 Sic
235 2080 402 2128 positum
424 2079 461 2117 in
482 2079 608 2118 clauso
627 2080 818 2131 linquunt,
838 2083 878 2118 et:
897 2094 1021 2118 ramea
1041 2081 1155 2119 costis

153 2131 369 2181 Subjieiunt
388 2133 612 2183 fragmenta,
632 2133 812 2184 thymum
846 2133 1034 2184 casiasque
1053 2137 1234 2173 recentes,

153 2183 242 2221 1100
261 2185 418 2233 geritur,
437 2186 611 2236 zephyris
629 2186 793 2237 primum
814 2186 1095 2236 impellentibus
1112 2187 1244 2237 undas,

152 2238 257 2274 Ante
277 2238 383 2274 novis
403 2239 564 2276 rubeant
583 2252 695 2290 quam
715 2242 824 2290 prata
842 2239 1040 2286 coloribus,
1059 2242 1149 2278 unte

154 2289 314 2328 Gan-ula
333 2303 447 2342 quam
466 2292 585 2345 tignis
605 2292 737 2331 nidum
756 2292 961 2345 suspendat
981 2293 1156 2333 hirundo,

1344 1129 1421 1167 285

1345 1394 1425 1433 290

1346 1660 1370 1698 k&

1373 1660 1423 1698 ἐξ

1341 2188 1418 2227 305
