1539 2370
519 55 757 84 GEORGICON
776 56 858 83 Lm.
880 56 948 87 111.

101 151 359 203 Gangaridum
378 152 523 199 faciam,
543 150 771 202 victorisque
789 163 895 189 arma
912 151 1081 199 Quirini;

98 205 227 256 Atque
244 205 307 243 hic
323 204 532 243 undantem
549 203 648 242 bello
666 216 922 255 magnumque
939 205 1118 243 fluentem

97 257 245 306 Nilum,
264 271 306 296 ac
324 257 449 295 navali
466 259 663 308 surgentes
682 269 754 295 aere
772 256 978 295 columnas.

96 310 250 348 Addam
267 310 377 349 urbes
396 310 499 349 Asiae
517 310 681 348 domitas
699 309 924 361 pulsumque
942 310 1152 362 Niphaten,

97 361 372 414 Fidentemque
390 363 482 415 fuga
499 362 690 401 Parthum
707 363 897 414 versisque
915 364 1080 415 sagittis,

95 417 152 456 Et
170 418 244 457 duo
262 421 373 469 rapta
389 432 505 457 manu
523 418 670 457 diverso
688 430 734 456 ex
750 418 862 456 hoste
879 419 1033 469 tropaea,

95 469 238 522 Bisque
255 472 512 522 triumphatas
530 473 692 522 utroque
711 471 758 509 ab
775 471 887 509 litore
905 472 1050 521 gentes.

94 523 262 563 Stabunt
281 527 320 563 et
339 525 442 562 Parii
459 524 612 575 lapides,
632 524 814 575 spirantia
833 524 952 574 signa,

93 575 268 616 Assaraci
286 577 419 628 proles,
440 577 686 628 demissaeque
705 576 752 614 ab
771 576 870 614 Jove
886 576 1014 626 gentis

93 627 274 676 Nomina,
294 630 461 680 Trosque
480 643 625 680 parens,
644 631 684 667 et
703 629 827 680 Trojae
845 628 1036 679 Cynthius
1057 631 1198 668 auctor.

93 680 246 720 Invidia
262 683 392 721 infelix
411 683 546 721 Furias
566 694 789 732 amnemque
808 694 980 719 severum

93 733 231 785 Cocyti
248 738 406 782 metuet,
425 737 623 784 tortosque
642 734 787 772 Ixionis
806 747 959 785 angues,

92 785 380 838 Immanemque
398 790 523 826 rotam
554 790 593 826 et
610 800 688 825 non
706 787 959 838 exsuperabile
978 799 1121 825 saxum.

91 837 246 879 Interea
264 840 465 892 Dryadum
483 841 595 878 silvas
614 840 806 890 saltusque
825 852 1025 890 sequamur

90 889 277 940 Intaetos,
296 895 375 939 tua,
394 894 595 941 Maecenas,
613 892 716 930 haud
734 892 862 930 mollia
874 894 1000 942 jussa:

91 943 146 982 Te
165 945 245 983 sine
262 946 318 983 nil
335 946 457 983 altum
476 959 583 984 mens
600 945 767 983 inchoat.
823 945 886 981 En
905 957 985 995 age,
1005 956 1138 995 segnes

91 995 243 1047 Rumpe
261 1011 408 1045 moras3
435 1000 547 1036 vocat
565 997 714 1048 ingenti
733 997 893 1035 clamore
913 996 1119 1044 Cithaeron,

89 1048 324 1101 Taygetique
344 1063 464 1098 canes,
485 1050 737 1110 domitriifque
755 1049 971 1109 Epidaurus
991 1061 1195 1100 equorum3

88 1100 146 1140 Et
163 1115 237 1140 vox
255 1116 409 1142 assensu
425 1115 623 1141 nemorum
640 1104 876 1153 mgemmata
893 1103 1071 1153 remugit.

89 1153 185 1192 Mox
202 1157 331 1194 tamen
350 1156 524 1194 ardentes
542 1155 716 1206 accingar
734 1154 854 1193 dicere
872 1168 1019 1206 pugnas

89 1205 256 1255 Caesaris,
275 1211 315 1246 et
333 1221 471 1247 nomen
490 1208 592 1246 fama
607 1209 670 1246 tot
688 1207 784 1245 ferre
801 1221 868 1257 per
886 1220 1016 1255 annos,

88 1258 250 1298 Tithoni
267 1261 388 1311 prima
399 1263 492 1312 quot
511 1261 617 1299 abest
636 1260 682 1298 ab
701 1259 846 1310 origine
865 1259 1002 1298 Caesar.

141 1312 216 1351 Seu
234 1314 329 1364 quis,
349 1314 578 1364 Olympiacae
597 1313 757 1351 miratus
775 1313 931 1362 praemia
947 1313 1094 1363 palmae.

87 1364 218 1404 Pascit
236 1379 362 1416 equos,
383 1380 449 1403 seu
467 1366 550 1416 quis
569 1366 685 1403 fortes
705 1364 752 1402 ad
770 1367 895 1402 aratra
906 1365 1087 1415 juvencos
1103 1382 1110 1409 ;

88 1416 256 1468 Corpora
272 1418 459 1469 praeeipue
478 1420 646 1456 matrum
664 1417 779 1467 legat.
836 1417 992 1467 Optima
1010 1420 1130 1455 toi-vm

88 1468 230 1508 Forma
247 1471 366 1518 bovis,
386 1471 446 1509 cui
464 1473 576 1521 turpe
595 1472 720 1520 caput,
739 1469 801 1507 cui
818 1469 981 1520 plurima
999 1471 1133 1508 cervix.

87 1521 144 1560 Et
163 1536 315 1562 crurum
332 1526 444 1562 tenus
463 1537 486 1561 a
502 1525 633 1561 mento
651 1521 815 1573 palearia
832 1522 999 1572 pendent
1014 1540 1022 1569 ;

87 1573 188 1613 Tum
206 1576 323 1627 longo'
338 1577 464 1614 nullus
483 1576 594 1614 lateri
611 1575 767 1622 modus3
797 1575 924 1612 omnia
942 1589 1094 1626 magna,

87 1625 162 1665 Pes
180 1629 315 1673 etiam3
332 1632 371 1666 et
386 1629 546 1667 camuris
563 1628 678 1665 hirta}
696 1628 765 1665 sub
785 1627 959 1665 cornibus
978 1641 1095 1666 aures.

86 1678 171 1718 Nec
188 1681 284 1719 mihi
302 1681 497 1732 displiceat
514 1681 670 1719 maculis
688 1680 847 1730 insignis
865 1682 906 1718 et
924 1681 1021 1728 albo,

84 1733 168 1772 Aut
180 1734 276 1784 juga
293 1734 518 1782 detrectans,
530 1733 796 1783 interdumque
815 1746 946 1783 aspera
963 1746 1091 1781 cornu,

85 1785 144 1824 Et
160 1785 294 1825 faciem
310 1789 422 1825 tauro
440 1786 601 1838 propior,
640 1798 797 1837 quaeque
816 1786 933 1823 ardua
949 1787 1046 1834 tota,

85 1837 143 1876 Et
160 1839 333 1888 gradiens
350 1839 428 1878 ima
444 1838 561 1878 verrit
578 1838 741 1888 vestigia
758 1837 886 1875 cauda.

84 1890 197 1930 AEtas
215 1890 400 1930 Lucinam
412 1892 611 1944 justosque
628 1890 710 1942 pati
727 1890 945 1941 hymenaeos

85 1942 239 1981 Desinit
258 1946 346 1982 ante
364 1945 504 1991 decem,
522 1945 610 1994 post
628 1945 790 1994 quatuor
807 1942 942 1993 incipit
961 1957 1100 1990 annos3

85 1993 222 2034 Cetera
239 2009 307 2034 nec
324 1996 458 2035 feturae
476 1996 623 2043 habilis,
640 2008 709 2033 nec
727 1994 837 2032 sortis
855 1996 1001 2033 aratris.

85 2047 251 2094 Interea,
270 2052 420 2099 superat
439 2049 616 2100 gregibus
636 2047 727 2085 dum
745 2047 835 2085 laeta
846 2048 1037 2098 juventam,

85 2099 197 2139 Solve
214 2113 358 2148 mares3
383 2101 496 2139 mitte
513 2102 554 2139 in
571 2100 758 2139 Venerem
774 2101 947 2150 pecuaria
964 2100 1119 2151 primus,

84 2153 214 2204 Atque
233 2153 345 2191 aliam
362 2165 408 2191 ex
426 2153 498 2191 alia
514 2153 726 2204 generando
746 2152 872 2190 suffice
890 2153 1044 2203 prolem.

85 2204 243 2258 Optima
261 2218 417 2258 quaeque
436 2205 515 2246 dies
532 2205 678 2246 miseris
696 2206 920 2246 mortalibus
939 2205 1011 2244 oevi

1309 315 1359 352 :30

1308 578 1358 616 35

1306 841 1357 877 40

1303 1103 1352 1139 45

1303 1366 1354 1401 50

1303 1890 1354 1929 60
