1544 2400
547 67 582 95 Ρ.
603 63 794 94 VIRGILII
813 63 1005 96 MAnoms

145 162 302 201 Dictaeae
322 161 528 213 Nyinphae,
548 175 745 201 nemorum
760 162 841 213 jam
861 162 1026 200 claudite
1046 158 1178 210 saltus,

143 216 183 254 si
203 229 277 267 qua
294 216 393 254 sorte
411 216 536 254 ferant
555 216 672 254 oculis
692 230 771 254 sese
790 217 902 254 obvia
920 216 1061 254 nostris

143 269 372 308 Errabunda
389 270 496 308 bovis
516 270 700 320 vestigia:
731 270 891 308 forsitan
911 270 1031 316 illum,

141 323 226 362 Aut
244 323 364 362 herba
381 325 537 374 captum
555 323 680 370 viridi,
701 325 769 362 aut
788 326 962 361 armenta
981 323 1168 371 secutum,

143 375 361 415 Pei-ducant
380 377 515 427 aliquae
534 377 685 414 stabula
703 377 751 414 ad
771 377 962 427 Gortynia
979 389 1140 421 vaccae..

142 430 244 468 Tum
263 431 367 468 canit
390 430 645 480 Hespeiidum
665 431 843 468 miratam
861 430 961 468 mala
979 429 1168 480 puellam:

141 483 240 521 Turn
260 483 592 521 Phaethontiadas
612 497 742 522 musco
762 484 974 522 circumdat
993 496 1130 522 amarae

143 536 317 583 Corticis‚
337 539 452 587 atque
471 536 551 575 solo
571 550 743 587 proceras
763 537 877 588 erigit
896 537 1014 576 alnos.

142 589 244 628 Tum
264 590 378 637 canit,
399 592 590 628 errantem
610 590 800 628 Permessi
819 591 867 628 ad
884 591 1044 628 flumina
1063 587 1219 628 Gallum

144 644 272 681 Aonas
290 643 331 681 in
350 645 501 681 montes
521 645 567 680 ut
586 643 737 681 duxerit
755 656 834 680 una
851 656 1022 681 sororum
1037 659 1045 689 ;

147 696 276 747 thue
293 697 374 735 viro
395 696 534 734 Phoebi
553 696 690 734 chorus
710 697 957 735 assurrexerit
977 695 1125 743 omnis;

142 749 201 787 Ut
220 750 342 788 Linus
361 750 441 788 liaec
460 749 666 797 illi‚(livino
686 750 851 788 carmine
870 752 1012 800 pastor,

143 802 320 841 Floribus
339 805 455 853 atque
474 803 559 853 apio
578 803 699 841 crines
718 806 875 841 ornatus
894 816 1034 849 amaro,

141 855 319 894 Dixerit:
349 859 370 876 “
386 856 474 894 Hos
492 856 566 894 tibi
585 856 680 894 dant
699 856 874 904 calamos,
894 870 940 895 en
973 855 1112 907 accipe,
1133 852 1270 905 Musae,

141 910 294 948 Ascraeo
314 923 408 960 quos
428 911 518 947 ante
537 909 636 954 seni3
650 909 786 959 quibus
804 910 867 947 ille
887 910 1034 948 solebat

142 962 343 1001 Cantando
362 963 504 1013 rigidas
524 962 708 1001 deducere
726 963 923 1001 montibus
944 961 1097 1001 ornos.”

142 1016 219 1054 His
237 1016 311 1054 tibi
331 1016 477 1066 Grync'i'
494 1015 659 1053 nemoris
678 1016 828 1054 dicatur
846 1016 965 1067 origo,

143 1070 205 1109 Ne
223 1070 308 1120 quis
328 1070 379 1107 sit
397 1070 516 1115 lucus,
536 1082 611 1119 quo
631 1081 671 1107 se
688 1069 773 1118 plus
787 1070 911 1120 jactet
930 1069 1082 1120 Apollo.

143 1123 244 1170 Quid
263 1123 406 1174 loquar,
414 1124 481 1160 aut
491 1122 659 1172 Scyllam
677 1122 778 1169 Nisi,
798 1136 912 1172 quam
931 1123 1032 1160 sama
1050 1122 1181 1160 secuta
1199 1123 1269 1170 est,

143 1177 315 1214 Candida
332 1176 566 1214 succinctam
585 1175 816 1213 latrantibus
836 1176 996 1226 inguina
1015 1176 1198 1214 monstris

145 1230 342 1268 Dulichias
360 1242 514 1268 vexasse
533 1230 647 1274 rates,
667 1230 707 1266 et
726 1229 881 1279 gurgite
900 1229 940 1266 in
960 1229 1038 1266 alto

142 1283 228 1321 Ah!
257 1283 414 1321 timidos
433 1284 570 1320 nautas
591 1282 746 1319 canibus
765 1282 947 1320 lacerasse
967 1282 1146 1329 niarinis;

142 1336 226 1374 Aut
245 1339 290 1374 ut
308 1338 480 1374 mutatos
500 1335 611 1373 Terei
630 1335 840 1373 narraverit
859 1337 977 1382 artus,

142 1389 244 1435 Quas
263 1389 319 1427 illi
339 1389 553 1427 Philomela
571 1388 697 1438 dapes,
718 1402 801 1439 quae
821 1389 921 1427 (lona,
938 1388 1094 1439 pararit,

142 1444 226 1488 Quo
245 1456 358 1481 cursu
377 1443 526 1480 deserta
544 1442 735 1492 petiverit,
756 1444 795 1479 ct
815 1442 951 1492 quibus
971 1445 1061 1480 a-ntc

143 1495 281 1534 Infelix
300 1510 367 1534 sua
385 1498 491 1534 tecta
509 1495 842 1545 supervolitaverit
861 1495 929 1532 alis
945 1495 963 1533 P

193 1549 344 1596 Omnia,
365 1563 459 1600 qua),
479 1549 628 1586 Phoebo
648 1549 838 1598 quondam
860 1549 1084 1598 incdit-tinto,
1104 1548 1238 1588 beatus

142 1603 277 1640 Audiit
296 1603 475 1648 Eurotas,
490 1601 682 1653 jussitque
701 1602 865 1640 ediscere
883 1602 1021 1647 lauros,

143 1654 212 1693 Ille
231 1656 357 1702 canit;
385 1656 502 1705 pulsae
521 1655 691 1692 referunt
711 1655 759 1693 ad
777 1655 900 1693 sidera
917 1655 1033 1693 valles
1050 1671 1058 1693 ι

141 1708 285 1759 Cogere
304 1709 423 1747 donec
443 1721 531 1746 ovcs
551 1708 712 1745 stabulis
731 1721 1008 1759 numerumque
1028 1708 1158 1748 referri

144 1761 167 1800 J
170 1762 267 1803 ussit
285 1764 325 1802 ct
343 1761 466 1801 invito
485 1760 670 1813 processit
688 1761 832 1812 Vesper
852 1760 1029 1814 Olympo.

414 1893 631 1934 ECLOGA
662 1894 757 1934 VII.
815 1893 1133 1934 MELIBOEUS.

398 1992 635 2020 MELIBOEUS.
694 1992 902 2021 CORYDON.
958 1993 1150 2021 THYRSIS.

191 2071 302 2110 Mun.
333 2070 451 2111 Forte
471 2071 541 2110 sub
561 2073 700 2122 arguta
719 2072 940 2110 consederat
959 2072 1043 2110 ilicc
1064 2071 1252 2123 Daphnis,

138 2125 486 2176 Compulcrantqne
505 2139 639 2176 greges
660 2125 839 2176 Corydon
859 2128 898 2163 et
917 2125 1079 2176 Thyrsis
1100 2126 1139 2164 in
1158 2140 1290 2177 unum,

137 2178 298 2228 Thyrsis
319 2192 417 2225 ovi-S,
438 2179 617 2229 Corydon
637 2178 824 2216 distentas
844 2178 942 2216 laeto
963 2180 1134 2231 capellam,

138 2232 264 2271 Ambo
284 2231 460 2272 fiorentes
480 2232 670 2281 aetatibus,
690 2231 856 2270 Arcades
875 2233 999 2283 ambo,

1363 374 1418 413 60

1365 907 1419 947 '70

1363 1173 1416 1216 ‘75

1365 1442 1418 1483 80
