1539 2370
530 65 770 95 GEORGICON
788 66 871 94 m.
892 67 940 94 11.

97 163 294 203 Mutatam
312 162 490 214 ignorent
507 160 635 200 subito
653 173 701 200 ne
719 160 863 200 semina
880 162 1055 201 matrem.

97 216 200 265 Quin
217 216 335 256 etiam
352 215 437 254 coeli
454 214 649 266 regionem
667 214 709 252 in
727 214 867 253 cortice
886 214 1042 265 signant

95 269 166 318 Ut,
185 283 259 321 quo
277 281 435 320 quaeque
452 268 566 306 modo
584 267 748 315 steterit,
767 280 843 318 qua
858 270 967 318 parte
985 266 1124 307 calores

94 322 298 361 Austrinos
316 322 460 369 tulerit,
480 333 564 372 quae
582 323 693 371 terga
710 320 918 359 obverterit
936 320 1009 368 ξιΧί,

95 375 343 414 Restituant:
372 375 464 413 adeo
482 374 523 412 in
541 375 681 412 teneris
701 387 942 412 consuescere
959 373 1128 412 multum
1146 377 1216 414 est.

94 428 262 467 Collibus
281 441 330 466 an
347 429 459 479 plano
477 427 612 465 melius
631 427 683 465 sit
701 440 840 478 ponere
857 427 989 475 vitem,

94 481 226 528 Quaere
243 481 369 532 prius:
398 481 430 519 si
448 480 600 532 pinguis
619 493 730 531 agros
748 480 939 518 metabere
958 480 1093 531 campi,

93 533 223 573 Densa
240 548 341 582 sere;
368 534 409 572 in
428 534 543 572 denso
562 547 639 571 non
657 534 808 583 segnior
825 534 938 571 ubere
957 533 1143 571 Bacchus.

93 586 160 625 Sin
178 587 338 626 tumulis
357 587 496 625 acclive
514 587 638 625 solum
657 587 842 637 collesque
861 586 1026 637 supinos,

93 639 256 691 Indulge
274 640 490 688 ordinibus;
518 654 586 678 nec
604 639 724 678 secius
743 639 865 678 omnis
883 639 924 677 in
941 652 1110 690 unguem

93 693 300 732 Arboribus
318 693 452 744 positis
471 695 574 732 secto
592 693 655 730 via
671 692 793 730 limite
812 692 983 743 quadret.

94 744 149 784 Ut
168 758 267 797 saepe
285 746 435 797 ingenti
452 746 549 784 bello
569 759 687 796 quum
705 745 821 796 longa
839 745 1013 783 cohortes

90 797 287 850 Explicuit
305 800 415 850 legio,
430 801 470 837 et
489 812 620 849 campo
640 799 751 836 stetit
769 811 907 849 agmen
926 800 1068 848 aperto,

90 850 329 903 Directaeque
347 853 454 898 acies,
474 865 517 890 ac
534 852 611 890 late
629 852 792 889 fluctuat
814 851 936 889 omnis

89 904 182 943 AEre
199 905 388 944 renidenti
405 905 531 951 tellus,
550 918 619 942 nec
638 905 731 941 dum
748 904 903 941 horrida.
920 903 1081 941 miscent

90 956 241 1004 Proelia,
260 959 326 996 sed
344 958 481 996 dubius
502 957 636 995 mediis
657 957 760 994 Mars
780 958 880 994 errat
899 957 939 993 in
957 956 1092 994 armis:

90 1009 230 1048 Omnia
247 1011 325 1048 sint
343 1011 494 1061 paribus
514 1009 679 1047 numeris
699 1010 868 1046 dimensa
885 1009 1046 1054 viarum,

89 1062 181 1101 Non
199 1063 370 1101 animum
387 1064 499 1101 modo
518 1063 578 1100 uti
595 1064 726 1113 pascat
743 1064 964 1112 prospectus
982 1061 1145 1108 inanem,

89 1114 164 1153 Sed
183 1116 271 1167 quia
288 1130 366 1154 non
383 1117 493 1154 aliter
510 1116 608 1153 vires
627 1115 734 1153 dabit
752 1115 927 1152 omnibus
946 1127 1069 1165 aequas

89 1167 217 1216 Terra,
235 1183 356 1220 neque
374 1170 414 1207 in
432 1182 594 1207 vacuum
612 1170 794 1219 poterunt
813 1181 852 1206 se
871 1167 1072 1206 extendere
1090 1165 1196 1204 rami.

142 1221 322 1260 Forsitan
340 1224 380 1261 et
410 1222 602 1260 scrobibus
622 1235 703 1272 quae
718 1221 796 1259 sint
814 1221 969 1271 fastigia
998 1233 1156 1272 quaeras.

89 1274 225 1313 Ausim
242 1275 304 1314 vel
321 1275 430 1313 tenui
446 1275 566 1313 vitem
585 1275 824 1313 committere
842 1273 958 1312 sulco.

89 1328 217 1366 Altior
234 1341 278 1366 ac
295 1329 447 1379 penitus
465 1331 579 1366 terrae
598 1328 778 1377 defigitur
796 1327 926 1370 arbos3

90 1380 268 1419 AEsculus
287 1381 327 1418 in
345 1381 489 1431 primis,
509 1393 601 1430 quae,
621 1383 810 1429 quantum
827 1379 969 1417 vertice
987 1378 1035 1416 ad
1054 1391 1161 1416 auras

90 1433 295 1480 JEtherias,
313 1436 469 1471 tantum
486 1433 609 1470 radice
628 1433 668 1470 in
687 1432 848 1470 Tartara.
864 1431 1003 1469 tendit.

90 1484 197 1536 Ergo
215 1499 293 1524 non
310 1486 453 1525 hiemes
472 1486 587 1532 illam,
606 1498 684 1523 non
703 1485 829 1531 ssabra,
848 1497 969 1535 neque
987 1484 1126 1522 imbres

91 1537 342 1586 Convellunt3
369 1539 530 1576 immota
547 1540 687 1584 manet,
702 1538 918 1588 multosque
935 1540 1107 1587 nepotes,

93 1591 221 1630 Multa
237 1592 363 1629 virum
380 1592 534 1630 volvens
557 1591 726 1629 durando
746 1591 879 1628 saecula
897 1590 1029 1628 vincit.

94 1643 191 1682 I'um
210 1645 318 1683 fortis
348 1645 426 1683 late
440 1658 562 1683 ramos
581 1647 621 1682 ct
639 1644 793 1681 brachia
810 1643 970 1681 tendens

97 1696 182 1734 Huc
200 1697 300 1743 illue,
320 1698 443 1735 media
461 1698 543 1747 ipsa,
560 1698 756 1748 ingentem
775 1697 940 1734 sustinet
957 1695 1143 1735 umbram.

143 1749 252 1789 Neve
269 1751 342 1788 tibi
361 1751 409 1788 ad
427 1751 542 1788 solem
558 1753 719 1801 vergant
734 1750 862 1788 vincta
873 1749 1091 1796 cadentem3

92 1802 200 1840 Neve
220 1803 320 1842 inter
338 1803 437 1841 vites
457 1803 626 1841 ern-ulum
649 1817 750 1849 sci-03
778 1816 872 1841 neve
891 1802 1040 1852 flagella

93 1854 249 1894 Summa
266 1858 364 1906 pete,
372 1859 439 1894 aut
458 1869 606 1894 summa
624 1856 816 1906 dcstringe
834 1869 880 1893 cx
898 1856 1029 1893 arbore
1046 1854 1195 1906 planias
1209 1870 1218 1902 ;

95 1905 240 1946 Tantus
259 1922 364 1947 amor
381 1915 513 1956 tcrrae;
540 1923 614 1947 ncu
633 1910 729 1946 ferro
748 1909 838 1947 laede
857 1911 985 1946 retuso

93 1959 266 2007 Scmina3
292 1975 386 2000 neve
404 1962 492 2000 010ae
511 1961 693 1999 silvestris
713 1962 832 2000 insere
851 1964 1023 2008 truncos3

92 2013 196 2050 Nam
215 2026 314 2064 saepe
332 2014 492 2052 incautis
511 2015 725 2065 pastoribus
744 2015 883 2052 excidit
902 2014 1013 2064 ignis,

93 2065 179 2112 Qui,
200 2066 331 2103 furtim
350 2067 482 2118 pingui
502 2068 665 2118 primum
684 2068 754 2106 sub
774 2068 912 2106 cortice
930 2069 1066 2111 tectus,

51 2140 54 2144 ⁴
93 2117 247 2156 Robora
264 2120 510 2169 comprendit,
531 2121 752 2171 frondesque
771 2121 918 2171 clapsus
937 2120 975 2156 in
995 2118 1090 2156 altas

92 2169 296 2222 Ingentem
316 2172 409 2210 coelo
427 2173 593 2210 sonitum
612 2174 738 2219 dedit;
766 2174 852 2210 indo
871 2175 1022 2210 secutus

93 2221 166 2263 Per
184 2238 307 2264 ramos
326 2224 448 2264 victor
465 2238 604 2277 perque
622 2226 702 2265 alta
718 2225 913 2266 cacumina
930 2224 1077 2276 regnat,

1283 270 1362 312 270

1284 536 1306 572 to

1312 536 1331 572 ζΙ

1336 537 1358 573 Cn

1282 800 1358 836 280

1274 1854 1353 1892 300

1275 2117 1352 2157 805
