1544 2400
547 75 586 104 Ρ.
602 73 793 105 mean
808 73 1000 104 molus

135 173 248 225 Rupe
267 172 338 211 sub
357 170 459 211 a'eria
476 170 616 210 deserti
635 171 683 209 ad
702 170 919 221 Strymonis
938 170 1079 209 undam

135 227 318 273 Flevisse,
337 227 379 265 et
395 224 534 276 gelidis
551 225 633 263 haec
652 224 837 263 evolvisse
856 224 927 262 sub
945 225 1077 271 antris,

134 280 374 319 Muleentem
391 279 523 330 tigre5‚
542 280 583 317 et
601 280 779 329 agentem
798 277 963 316 carmine
981 291 1138 328 quercus
1156 294 1162 318 :

134 334 266 382 Qualis
284 332 446 384 populea
462 344 620 370 maerens
642 330 854 369 Philomela
871 331 942 369 sub
960 332 1096 370 umbra

134 387 307 426 Amissos
327 385 498 437 queritur
515 385 627 431 fetus,
647 397 741 435 quos
759 383 876 422 durus
896 386 1023 422 arator

136 440 350 479 observans
368 439 459 476 nido
476 438 679 489 implumes
699 436 865 475 detraxit
881 453 889 474 :
909 439 950 475 at
968 437 1033 474 illa

135 493 225 532 Flet
243 495 407 539 noctem,
426 504 606 541 ramoque
625 490 757 528 sedens
776 489 987 528 miserabile
1006 503 1156 528 carmen

135 546 326 597 Inte-grat,
345 547 385 583 et
404 544 548 582 maestis
568 543 645 581 late
664 543 746 581 loca
764 543 959 593 questibus
977 543 1123 593 implet.

134 599 254 637 Nulla
272 599 414 645 Venus,
432 610 510 635 non
529 597 598 634 ulli
617 596 788 634 animum
806 595 941 634 flexere
959 595 1149 646 hymenaei
1167 612 1176 643 3

134 652 245 690 Solus
263 651 516 703 hyperboreas
535 649 673 701 glacies
693 649 927 698 Tanaimque
944 648 1121 696 nivalem,

134 706 313 755 Arvaque
333 704 504 754 Rhipaeis
523 715 721 752 nunquam
739 702 898 739 viduata
915 701 1061 752 pruinis

134 757 356 804 Lustrabat‚
375 759 524 807 raptam
544 755 764 805 Eurydicen
782 757 897 805 atque
915 755 1025 793 irrita
1042 753 1148 793 Ditis

134 811 249 850 Dona
267 823 426 861 querens
442 824 452 847 ι
472 811 608 860 spretae
628 807 813 846 Ciconum
832 821 908 857 quo
927 821 1084 846 munere
1103 810 1246 846 matres

135 864 246 902 Inter
265 876 370 901 sacra
388 863 502 900 deum
520 861 773 910 nocturnique
791 860 897 911 orgia
916 860 1059 898 Bacchi

135 917 383 968 Discerptum
401 914 500 953 latos
513 915 692 965 juvenem
714 926 880 964 sparsere
899 926 966 963 per
984 926 1107 964 agros.

135 971 237 1008 Tum
256 981 407 1020 quoqne
436 980 647 1006 marmorea
666 968 780 1017 caput
799 979 821 1004 a
840 966 982 1004 cervice
1001 966 1195 1004 revulsum

136 1023 302 1074 Gurgite
321 1035 440 1072 quum
458 1021 582 1059 medio
601 1022 758 1070 portans
778 1019 958 1070 OEagrius
979 1019 1136 1057 Hebrus

136 1076 328 1122 Volveret,
349 1079 357 1094 ‘
371 1074 590 1125 Eurydicen
608 1074 616 1089 '
638 1086 711 1110 vox
729 1073 812 1123 ipsa
829 1075 868 1110 et
887 1072 1026 1123 frigida
1043 1072 1187 1123 lingua,

137 1132 147 1150 ‘
162 1130 228 1168 Ah
246 1129 423 1167 miseram
442 1126 692 1177 Eurydicenl’
715 1126 841 1163 anima
859 1125 1031 1176 fugiente
1051 1125 1210 1164 vocabat
1227 1141 1235 1171 ;

138 1186 147 1203 ‘
160 1182 381 1234 Eurydicen
394 1181 403 1197 ’
424 1182 510 1219 toto
529 1179 741 1218 referebant
759 1178 917 1216 flumine
936 1178 1067 1229 ripae.’'

191 1236 288 1274 Haec
308 1235 492 1273 Proteus:
513 1235 552 1271 et
571 1245 610 1271 se
623 1232 735 1283 jactu
753 1231 858 1270 dedit
877 1244 1004 1281 aequor
1022 1231 1062 1268 in
1082 1230 1202 1268 altum
1222 1247 1229 1275 3

139 1289 298 1339 Quaque
317 1288 433 1335 dedit,
453 1288 696 1338 spumantem
713 1285 857 1322 undam
876 1285 947 1322 sub
966 1284 1108 1323 vertice
1126 1284 1250 1322 torsit.

138 1343 196 1381 At
213 1356 290 1380 non
310 1341 457 1393 Cyrene
473 1356 482 1388 ;
501 1352 666 1389 namque
685 1338 789 1376 ultro
808 1338 923 1375 affata
939 1337 1165 1376 timentem:

193 1399 214 1416 “
229 1395 346 1442 Nate,
365 1394 456 1432 licet
473 1393 604 1431 tristes
623 1392 749 1430 animo
769 1392 953 1442 deponere
972 1404 1092 1429 curas.

141 1449 236 1489 Hoee
252 1448 376 1487 omnis
396 1446 519 1485 morbi
539 1459 674 1492 oausa3
693 1445 783 1483 hine
803 1444 1015 1482 miserabile
1035 1443 1247 1494 Nymphae,

141 1502 240 1540 Cum
260 1502 398 1552 quibus
418 1500 484 1538 illa
502 1499 636 1538 choros
654 1498 749 1536 lucis
769 1497 942 1548 agitabat
961 1497 999 1534 in
1020 1496 1121 1544 altis,

141 1555 319 1594 Exitium
336 1554 471 1592 misere
490 1553 634 1604 apibuS.
691 1551 753 1589 ‘ru
770 1563 930 1588 munera
947 1549 1108 1600 supplex
1149 1545 1162 1554 ”

141 1609 282 1655 Tende,
303 1610 436 1659 petens
456 1619 600 1657 pacem,
619 1607 660 1643 et
678 1604 804 1642 faciles
823 1616 1000 1642 venerare
1015 1602 1201 1653 Napaeas:

143 1662 320 1711 Namque
339 1661 487 1698 dabunt
505 1659 654 1697 veniam
673 1657 785 1703 votis,
805 1657 954 1706 irasque
972 1655 1185 1694 remittent.

143 1715 228 1760 Sed,
247 1714 384 1752 modus
403 1713 533 1751 orandi
554 1711 619 1762 qui
638 1711 700 1757 sit,
719 1711 824 1761 prius
843 1710 974 1747 ordine
993 1709 1128 1747 dicam.

144 1768 321 1815 Quatuor
339 1766 496 1803 eximios
515 1764 713 1816 praestanti
728 1776 882 1814 corporo
899 1764 1043 1807 murm,

144 1821 220 1869 Qui
238 1819 311 1858 tibi
329 1832 431 1856 nunc
450 1819 580 1855 viridis
599 1818 809 1867 depascunt
828 1827 982 1853 summa
999 1812 1139 1864 Lycaei,

144 1873 294 1924 Delige‚
312 1875 353 1911 et
371 1872 518 1909 intaeta
533 1870 697 1908 totidem
717 1869 860 1907 cervice
872 1868 1067 1919 juvencas.

146 1929 322 1975 Quatuor
339 1925 400 1964 his
419 1937 501 1963 aras
520 1923 596 1961 alta
613 1923 661 1961 ad
679 1922 837 1960 delubra
854 1922 1011 1959 dearum

146 1980 362 2026 Constitue,
381 1980 421 2017 et
440 1990 587 2016 sacrum
602 1975 749 2028 jugulis
769 1974 930 2013 demitte
949 1984 1133 2020 cruorem,

147 2034 388 2084 Cor-peraque
406 2031 488 2082 ipsa
504 2031 621 2069 boum
641 2028 817 2067 frondoso
835 2028 962 2066 desere
980 2026 1076 2064 luco.

148 2087 255 2132 Post,
276 2086 340 2123 ubi
361 2097 462 2122 nona
479 2086 567 2122 suo's
586 2095 721 2121 aurora
738 2081 948 2119 ostenderit
967 2082 1089 2127 ortus,

149 2139 311 2178 Inferias
332 2137 475 2189 Orphei
494 2136 652 2175 Lethoea
669 2147 856 2188 papavera
873 2134 1019 2179 mittes,

150 2195 205 2235 Et
225 2195 374 2242 nigram
394 2192 586 2232 mactabis
603 2202 723 2238 ovem,
745 2190 948 2238 lucumque
967 2187 1107 2226 revises
1124 2201 1132 2225 ε

155 2248 356 2288 l’lucutum
378 2248 598 2301 Eurydicen
616 2244 738 2286 vitula
755 2245 984 2286 venerabere
1005 2242 1140 2283 casa?

1327 280 1408 320 510

1330 544 1407 582 515

1331 809 1413 848 520

1334 1073 1410 1111 525

1337 1338 1415 1375 530

1337 1602 1416 1640 535

1339 1866 1419 1906 540

1341 2129 1420 2172 545
