1544 2400
543 62 581 92 1².
600 61 790 93 uuonan
808 62 1001 95 mom

135 157 243 198 Ante
259 155 399 206 focum,
417 157 451 198 si
467 156 589 210 frigus
607 158 693 208 erit,
711 159 745 198 si
762 160 907 208 messis,
924 160 967 199 in
983 161 1131 212 umbra,
1353 165 1409 206 70

135 210 238 250 Vina
254 225 399 251 novum
415 211 575 250 fundam
592 212 753 252 calathis
771 213 927 253 Ariusia
943 216 1087 254 nectar.

136 264 360 304 Cantabunt
377 265 475 304 mihi
492 265 694 305 Damoetas
711 269 753 306 et
770 266 934 318 Lyctius
952 267 1105 320 AEgon;

135 317 328 358 Saltantes
347 319 505 370 Satyros
524 320 741 359 imitabitur
760 320 1038 372 Alphesiboeus.

135 371 232 411 Haec
250 372 325 411 tibi
343 386 490 424 semper
508 376 633 421 erunt,
654 376 693 412 et
712 387 831 424 quum
849 374 1034 414 solemnia
1050 377 1142 416 vota

134 423 354 464 Reddemus
374 426 582 477 Nymphis,
602 429 642 464 et
661 441 780 477 quum
798 428 1045 468 lustrabimus
1064 443 1187 481 agros.
1352 431 1403 471 75

116 477 242 517 *Dum
254 478 351 530 juga
368 480 511 517 montis
530 493 630 530 aper,
648 480 784 519 fluvios
804 481 897 519 dum
914 482 1027 533 piscis
1045 484 1202 531 amabit,

133 530 314 583 Dumque
332 533 472 583 thymo
490 535 693 583 pascentur
711 547 811 585 apes,
831 535 924 573 dum
941 549 1025 575 rore
1044 537 1192 584 cicadae,

132 584 289 635 Semper
307 586 428 624 honos
447 599 662 637 nomenque
679 589 794 625 tuum
810 587 1015 640 laudesque
1034 591 1255 630 manebunt.

132 637 192 676 Ut
211 638 364 677 Baccho
385 638 597 690 Cererique,
615 640 690 678 tibi
708 640 761 679 sic
779 642 871 679 vota
889 643 1095 692 quotannis

131 691 322 743 Agricolae
339 692 503 740 facient3
532 693 728 732 damnabis
747 696 794 732 tu
812 708 962 746 quoque
979 696 1092 735 votis.
1350 700 1404 738 80

185 745 297 784 Mor.
327 745 421 793 Quae
438 746 528 793 tibi,
543 759 627 796 quae
643 747 714 784 tali
731 748 887 786 reddam
906 762 975 799 pro
994 749 1160 790 carmine
1178 749 1309 790 dona?

131 797 237 836 Nam
255 811 378 850 neque
396 812 458 838 me
475 801 633 838 tantum
646 801 835 840 venientis
853 801 985 841 sibilus
1005 804 1139 852 austri,

131 851 215 890 Nec
233 865 410 902 percussa.
422 852 563 904 juvant
580 853 702 892 fluctu
719 856 803 892 tam
820 854 945 903 litora,
963 870 1033 896 nee
1052 870 1136 909 quae

131 904 291 943 Saxosas
309 905 412 944 inter
429 906 637 945 decurrunt
654 907 813 946 flumina
830 908 959 947 valles.

183 957 298 996 ΜΕΝ.
329 959 418 998 Hae
435 961 476 997 te
494 973 564 998 nos
582 960 710 1011 fragili
728 961 953 1000 donabimus
972 963 1062 1001 ante
1081 963 1216 1003 cicuta.
1349 967 1399 1005 55

131 1009 229 1050 Haee
246 1025 328 1059 nos,
349 1011 578 1051 Formosum
598 1013 778 1065 Corydon
797 1015 954 1054 ardebat
973 1016 1134 1056 Alexin:

131 1064 229 1103 Haee
248 1065 379 1103 eadem
398 1066 540 1113 docuit,
562 1065 702 1118 Cujum
720 1067 867 1118 pecus?
895 1082 944 1106 an
964 1068 1170 1109 Meliboei?

182 1117 295 1156 Mor.
323 1118 381 1156 At
398 1120 443 1157 tu
464 1132 571 1157 sume
589 1120 740 1170 pedum,
760 1121 873 1172 quod,
893 1134 954 1160 me
973 1135 1092 1173 quum
1110 1137 1207 1176 saepe
1226 1126 1388 1178 rogaret,

128 1170 222 1210 Non
238 1170 333 1209 tulit
351 1172 577 1223 Antigenes,
596 1175 636 1211 et
655 1175 738 1212 erat
755 1175 842 1212 tum
860 1174 999 1227 dignus
1018 1177 1147 1226 amari,

129 1223 358 1264 Formosum
376 1226 530 1276 paribus
549 1226 659 1265 nodis
678 1229 794 1279 atque
811 1241 896 1277 aere,
917 1228 1103 1268 Menalca.
1345 1231 1399 1269 90

447 1384 667 1424 ECLOGA
694 1385 767 1424 VI.
821 1385 1068 1428 SILENUS.

127 1490 275 1530 PRIMA
293 1489 492 1542 Syracosio
511 1492 672 1543 dignata
690 1496 749 1533 est
767 1494 898 1534 ludere
916 1507 1029 1533 versu

125 1544 275 1582 Nostra
303 1557 426 1595 neque
444 1545 597 1584 erubuit
616 1547 730 1585 silvas
749 1548 922 1587 habitare
953 1548 1101 1587 Thalia.

126 1596 256 1644 Quum
275 1610 447 1636 canerem
466 1612 574 1650 reges
593 1602 634 1638 et
651 1601 795 1651 proelia,
816 1601 1009 1653 Cynthius
1028 1615 1156 1642 aurem

125 1649 259 1697 Vellit,
279 1652 319 1688 et
337 1651 560 1692 admonuit:
590 1656 611 1674 “
624 1653 837 1703 Pastorem,
857 1655 1004 1706 Tityre,
1023 1657 1184 1707 pingues

127 1702 287 1742 Pascere
305 1706 458 1754 oportet
476 1719 577 1754 oves,
596 1707 805 1746 deductum
823 1708 945 1748 dicere
964 1710 1156 1749 carmen.'’
1369 1712 1395 1751 5

127 1755 244 1796 Nunc
263 1770 334 1808 ego
359 1758 541 1809 (namque
560 1773 672 1811 super
690 1761 763 1799 tibi
782 1764 907 1809 erunt,
927 1763 993 1813 qui
1011 1763 1135 1804 dicere
1152 1764 1291 1813 laudes,

127 1807 238 1857 Vare,
256 1811 344 1848 tuas
364 1812 531 1862 cupiant,
551 1815 592 1852 et
610 1814 738 1853 tristia
755 1816 915 1856 condere
933 1816 1062 1866 bella)

127 1863 333 1914 Agrestem
350 1865 458 1902 tenui
476 1867 690 1906 meditabor
708 1870 892 1908 arundine
910 1869 1077 1909 Musam.

127 1915 220 1955 Non
237 1916 382 1968 injussa
398 1931 502 1957 cano.
560 1920 600 1958 Si
619 1921 703 1971 quis
721 1924 852 1961 tamen
870 1924 951 1962 haec
970 1936 1130 1974 quoque,
1150 1924 1181 1962 si
1201 1923 1284 1975 quis

128 1968 274 2020 Captus
293 1983 420 2010 amore
436 1971 556 2023 leget3
571 1975 611 2011 tc
630 1977 782 2022 nostras,
801 1976 912 2023 Vare,
932 1977 1097 2027 myricen,
1344 1979 1396 2019 10

127 2022 183 2061 Te
202 2037 335 2062 nemus
354 2037 466 2063 omne
484 2028 617 2074 canet3
646 2040 714 2065 nec
735 2028 882 2067 Phoebo
900 2030 1047 2079 gratior
1064 2029 1142 2068 ulla
1161 2034 1230 2079 ost,

127 2075 251 2123 Quam
270 2077 342 2115 sibi
361 2091 444 2127 quae
462 2078 555 2118 Vari
572 2080 802 2131 praescripsit
820 2083 960 2132 pagina
977 2096 1128 2122 nomen.

180 2128 348 2180 Pergite,
369 2131 549 2171 Pierides.
605 2133 781 2172 Chromis
800 2138 840 2173 et
860 2135 1062 2189 Mnasylus
1082 2137 1122 2176 in
1140 2140 1253 2181 antro

125 2180 297 2220 Silenum
314 2184 421 2234 pueri
440 2198 573 2225 somno
591 2186 718 2225 videro
729 2187 933 2238 jacentem,

127 2233 311 2274 Inflatum
332 2235 510 2278 hesterno
530 2252 655 2290 venas,
675 2243 719 2280 ut
738 2254 895 2297 semper,
916 2242 1077 2284 Iaccho:
1342 2246 1393 2289 16
