1539 2370
516 88 621 117 GEOR
628 89 755 119 GICON
774 91 857 120 LIB.
879 93 936 122 IV.

92 178 247 218 Interea
263 180 402 220 teneris
421 182 632 232 tepefactus
651 185 690 223 in
710 186 855 225 ossibus
874 187 1012 227 humor

91 231 270 280 AEstuat;
297 236 338 272 et
355 234 511 273 visenda
528 238 650 276 modis
670 239 846 278 animalia
864 241 981 288 miris,

90 284 241 324 Trunca
257 286 396 336 pedum
415 288 549 338 primo,
568 303 657 329 mox
676 294 715 330 et
735 293 937 332 stridentia
954 295 1099 344 pennis,
1276 302 1355 340 310

89 336 314 385 Miscentur,
333 342 562 392 tenuemque
580 345 703 395 magis
721 347 845 396 magis
863 349 951 385 ae‘ra
969 351 1128 399 carpunt
1142 366 1150 396 ;

88 389 232 437 Donec,
251 394 297 429 ut
315 393 457 432 aestivis
475 396 615 434 effusus
635 398 798 436 nubibus
818 399 950 447 imber,

87 441 267 494 Erupere,
287 447 355 482 aut
372 448 418 484 ut
436 460 551 486 nervo
569 449 745 499 pulsante
764 452 928 502 sagittae,

87 493 218 534 Prima
234 496 334 536 leves
351 498 487 538 ineunt
506 501 538 539 si
557 503 707 552 quando
725 505 858 554 proelia
877 505 1025 543 Parthi.
1144 516 1173 543 ,4

139 548 233 595 Quis
253 550 344 588 deus
363 551 472 599 hanc,
492 553 628 601 Musae,
647 556 713 605 qui
732 557 839 595 nobis
859 559 1008 597 extudit
1027 559 1180 599 artem?
1275 561 1352 599 315

87 599 198 639 Unde
216 615 315 640 nova
331 604 522 655 ingressus
541 607 739 646 hominum
758 610 988 660 experientia
1006 612 1106 662 cepit
1123 613 1141 651 ?

58 674 71 698 ς
85 652 224 693 Pastor
241 656 427 695 Aristaeus
446 658 595 710 fugiens
615 660 755 699 Peneia
773 662 927 713 Tempe,

85 707 258 754 Amissis,
277 711 322 746 ut
340 710 451 757 sama,
471 712 603 762 apibus
621 714 827 765 morboque
846 716 1030 766 fameque,

84 758 222 798 Tristis
240 761 288 798 ad
306 763 465 801 extremi
483 777 631 802 sacrum
650 769 764 818 caput
783 768 935 806 adstitit
953 769 1086 815 amnis,

83 810 216 850 Multa
233 826 402 863 querenS,
422 818 536 867 atque
554 817 625 856 hac
644 821 783 857 affatus
801 833 892 859 voce
910 824 1107 871 parentem
1122 838 1130 860 :
1274 824 1352 861 320

83 866 106 884 “
117 863 258 912 Mater,
279 866 426 917 Cyrene
442 872 577 916 mater,
597 884 679 921 quae
697 873 863 923 gurgitis
883 873 994 923 hujus

84 916 174 955 Ima
189 920 308 965 tenes,
329 921 421 970 quid
439 934 500 959 me
518 923 697 971 praeclara
715 925 834 975 stirpe
853 926 1022 973 deorum,

80 968 137 1016 (Si
150 971 270 1018 modo,
285 985 397 1022 quem
415 974 601 1024 perhibes,
620 978 729 1026 pater
747 981 805 1015 est
825 978 1077 1028 Thymbraeus
1095 978 1262 1031 Apollo‚)

82 1021 257 1062 Invisum
276 1024 364 1062 fatis
383 1027 551 1077 genuisti
567 1028 585 1066 P
613 1031 681 1066 aut
700 1042 774 1079 quo
792 1030 864 1068 tibi
883 1031 1006 1068 nostri

82 1073 220 1114 Pulsus
239 1077 376 1116 amor?
405 1079 496 1129 quid
514 1093 575 1118 me
593 1081 731 1118 coelum
750 1095 898 1132 sperare
911 1083 1104 1133 jubebas?
1268 1085 1346 1123 325

82 1127 146 1166 En
164 1128 281 1167 etiam
298 1130 400 1169 hunc
417 1132 544 1182 ipsum
562 1133 651 1171 vitae
670 1134 842 1172 mortalis
863 1135 1056 1183 honorem,

81 1179 205 1227 Quem
222 1182 319 1220 mihi
337 1183 401 1220 vix
419 1185 574 1236 frugum
593 1188 632 1224 et
650 1187 838 1236 pecudum
857 1189 1030 1227 custodia
1048 1188 1162 1228 solers

81 1232 222 1272 Omnia
238 1237 408 1274 tentanti
426 1238 638 1284 extudemt,
657 1241 698 1277 te
716 1242 850 1286 matre,
869 1241 1053 1293 relinquo.

80 1285 183 1332 Quin
201 1300 282 1338 age,
301 1290 341 1326 et
358 1289 441 1339 ipsa
458 1303 575 1328 manu
593 1291 717 1329 felices
737 1305 823 1330 erue
842 1293 954 1331 silvas
971 1310 980 1339 ;

81 1337 158 1376 Fer
175 1339 334 1378 stabulis
353 1341 550 1380 inimicum
568 1343 708 1393 ignem,
729 1347 843 1393 atque
860 1345 1031 1385 interfice
1049 1359 1186 1386 messes
1202 1363 1209 1393 ;
1268 1349 1347 1386 330

83 1389 161 1429 Ure
179 1394 273 1439 sata,
293 1395 332 1431 et
350 1393 514 1432 validam
532 1395 572 1432 in
591 1395 688 1434 vites
707 1396 838 1434 molire
857 1397 1071 1448 bipennem,

81 1442 210 1482 Tanta
227 1457 321 1484 meae
339 1446 371 1484 si
390 1449 430 1484 tc
449 1450 633 1497 ceperunt
652 1449 766 1486 taedia
783 1448 945 1487 laudis.''

80 1496 138 1534 At
156 1499 279 1535 mater
297 1498 466 1537 sonitum
483 1499 654 1538 thalamo
673 1501 743 1539 sub
761 1502 928 1540 fluminis
947 1503 1016 1541 alti

81 1548 218 1587 Sensit.
274 1550 374 1588 Eam
392 1551 533 1590 circum
555 1553 707 1591 Milesia
725 1554 862 1592 vellera
880 1555 922 1593 N
921 1556 1074 1607 ymphae

81 1600 308 1652 Carpebant,
326 1603 431 1653 hyali
450 1607 578 1643 saturo
598 1606 725 1644 fucata
743 1607 877 1653 colore,
1265 1612 1342 1648 335

80 1652 314 1706 Drymoque,
332 1655 575 1707 Xanthoque,
594 1658 796 1709 Ligeaque,
817 1659 1134 1712 Phyllodoceque,

81 1705 282 1746 Caesariem
300 1708 427 1747 efi'usae
444 1710 606 1748 nitidam
625 1724 692 1761 per
710 1712 869 1750 candida
888 1713 1005 1758 colla3

81 1757 252 1847 {Nesaea
260 1759 434 1812 Spioque,
453 1762 674 1813 Thaliaque,
693 1763 1012 1816 Cymodoceque‚]

112 1811 336 1863 ydippeque,
354 1816 395 1852 et
412 1814 510 1852 flava
527 1815 728 1866 Lycorias;
760 1817 879 1855 altera
895 1819 1016 1869 virgo,

81 1863 217 1902 Altera
232 1867 318 1903 tum
336 1866 477 1916 primos
496 1867 652 1906 Lucinae
670 1872 825 1919 experta
841 1870 1011 1918 labores;
1264 1872 1341 1908 310

80 1914 237 1966 Clioque
255 1919 295 1955 et
313 1917 435 1957 Beroe
454 1932 569 1966 soror,
589 1921 828 1960 Oceanitides
847 1923 978 1969 ambae,

80 1968 216 2007 Ambae
234 1982 335 2017 auro,
353 1971 466 2021 pictis
484 1972 660 2012 incinctae
678 1975 837 2024 pellibus
852 1976 972 2014 ambae
987 1992 996 2022 ;

80 2020 210 2071 Atque
228 2021 398 2073 Ephyre,
417 2026 531 2074 atque
546 2026 650 2077 Opis,
662 2030 702 2064 et
719 2027 813 2065 Asia
830 2027 1009 2078 Deiopea,

80 2072 137 2111 Et
154 2073 310 2112 tandem
327 2075 461 2125 positis
479 2077 587 2117 velox
604 2079 798 2117 Arethusa
815 2081 979 2130 sagittis.
991 2104 1028 2141 »χ

79 2124 191 2164 Inter
208 2139 301 2176 quas
320 2140 449 2166 curam
467 2127 648 2179 Clymene
666 2133 842 2170 narrabat
861 2134 1011 2172 inanem
1263 2135 1340 2172 345

77 2175 252 2225 Vulcani,
272 2179 486 2231 Martisque
503 2182 609 2221 dolos
626 2186 666 2221 ct
684 2184 807 2222 dulcia
825 2186 940 2230 furta,

81 2231 210 2285 Atque
228 2231 334 2274 Chao
351 2233 486 2276 densos
504 2234 636 2279 divum
652 2237 877 2278 numerabat
895 2250 1053 2278 amores,
