1539 2370
492 80 730 108 GEOBGICON
750 81 831 109 LIB.
853 81 919 109 111.

75 176 132 215 Et
150 177 319 215 mentem
337 174 465 214 Venus
484 175 566 226 ipsa
584 175 700 222 dedit,
721 188 794 226 quo
814 177 984 226 tempore
1006 177 1139 216 Glauci

75 228 281 268 Potniades
299 228 408 266 malis
426 228 596 266 membra
614 229 827 266 absumsere
847 229 1051 280 quadrigae.

75 281 169 320 Illas
187 281 293 320 ducit
311 294 417 319 amor
433 283 540 320 trans
560 281 730 332 Gargara
758 283 938 331 transque
952 285 1150 321 sonantem

74 334 302 381 Ascanium;
329 336 509 385 superant
527 336 676 372 montes
708 336 747 372 et
765 334 922 372 flumina
939 337 1107 373 tranant.

73 386 349 436 Continuoque,
368 387 486 425 avidis
505 387 571 424 ubi
589 387 742 424 subdita
759 387 911 425 ssamma
929 388 1114 435 medullis,

73 439 170 478 Vere
187 441 321 491 magis,
340 439 428 490 quia
445 453 531 478 vere
551 440 650 477 calor
667 440 766 477 redit
785 440 941 485 ossibus,
961 441 1036 478 illae

72 491 147 530 Ore
165 505 295 530 omnes
313 505 431 530 versae
444 492 484 530 in
503 493 710 543 zephyrum
729 494 834 530 stant
853 493 1008 543 rupibus
1028 494 1126 541 altis,

71 544 362 596 Exceptantque
380 545 479 583 leves
499 558 629 592 auras3
657 547 697 583 et
716 558 813 596 saepe
833 545 912 583 sine
932 546 1017 584 ullis

71 596 268 649 Conjugiis
286 599 402 636 vento
419 598 598 649 gravidae,
618 598 787 636 mirabile
807 598 923 641 dictu,

70 650 167 689 Saxa
184 663 251 701 per
269 652 309 688 et
327 651 498 701 scopulos
517 653 556 688 et
576 651 765 701 depressas
785 651 970 688 convalles

70 702 303 754 Diffugiunt,
322 716 411 750 non,
430 703 544 750 Eure,
564 706 663 750 tuos,
682 717 802 753 neque
822 703 918 742 Solis
938 704 985 741 ad
1007 706 1124 750 ortus,

69 754 119 792 In
136 755 300 794 Boream
319 755 570 806 Caurumque,
590 758 656 794 aut
674 757 773 794 unde
791 756 1018 806 nigerrimus
1039 757 1182 795 Auster

67 807 262 856 Nascitur,
281 810 320 846 et
338 809 465 859 pluvio
485 809 687 847 contristat
705 809 845 859 frigore
864 809 1012 847 coelum.

67 859 147 899 Hic
164 861 328 909 demum,
347 861 593 912 hippomanes
612 875 700 900 vero
719 862 820 911 quod
838 862 990 899 nomine
1010 862 1142 900 dieunt

67 912 256 961 Pastores,
274 914 422 952 lentum
441 914 608 952 destillat
627 915 674 951 ab
692 914 848 964 inguine
866 914 980 960 virus,

68 964 341 1017 HippomaneS‚
361 967 461 1016 quod
479 979 579 1017 saepe
598 967 709 1004 malae
726 967 849 1017 legere
869 980 1051 1014 novereae,

67 1017 380 1068 Miscueruntque
398 1019 535 1057 herbas
554 1021 593 1056 et
612 1033 688 1057 non
706 1019 859 1056 innoxia
877 1020 1001 1057 verba.

119 1071 194 1110 Sed
211 1071 312 1122 fugit
330 1072 484 1118 interea,
504 1071 604 1122 sugit
622 1071 859 1122 irreparabile
878 1074 1042 1122 tempus,

66 1123 225 1175 Singula.
243 1124 334 1162 dum
353 1124 455 1174 capti
473 1124 808 1162 circumvectamur
823 1137 960 1162 amore.

66 1175 154 1215 Hoc
173 1176 264 1215 satis
284 1177 486 1224 armentis3
515 1179 666 1227 superat
684 1190 769 1227 pars
788 1177 905 1215 altera
924 1190 1033 1223 curae,

65 1227 272 1280 Lanigeros
291 1230 434 1280 agitare
452 1242 585 1281 greges
604 1229 798 1278 hirtasque
817 1230 988 1279 capellas.

65 1280 144 1320 Hic
161 1281 289 1329 labor3
315 1282 405 1320 hino
422 1282 572 1320 laudem
591 1283 707 1320 sortes
725 1284 871 1331 sperate
891 1282 1024 1321 coloni.

65 1333 148 1372 Nec
167 1347 251 1372 sum
270 1334 387 1372 animi
404 1334 552 1380 dubius,
570 1335 693 1371 verbis
713 1347 755 1371 ea
769 1334 916 1372 vincere
935 1348 1117 1386 magnum

65 1386 189 1432 Quam
207 1387 270 1433 sit,
285 1389 325 1424 et
343 1387 515 1437 angustis
534 1387 635 1424 huno
655 1386 788 1423 addere
808 1387 917 1424 rebus
936 1387 1130 1426 honorem.

65 1437 139 1476 Sed
157 1452 217 1476 me
236 1438 394 1476 Parnasi
411 1439 558 1477 deserta
574 1452 640 1489 per
658 1439 773 1476 ardua
790 1438 907 1476 duleis

65 1489 212 1541 Raptat
231 1504 356 1538 amor;
377 1492 490 1541 juvat
508 1491 561 1530 ire
574 1492 690 1542 jugiS,
709 1505 782 1542 qua
800 1491 905 1530 nulla
922 1492 1090 1542 priorum

65 1541 269 1582 Castaliam
287 1544 392 1582 molli
410 1544 620 1582 devertitur
639 1544 762 1582 orbita
780 1545 888 1583 clivo.

115 1595 242 1644 Nune,
261 1597 473 1635 veneranda
492 1596 612 1644 Pales,
631 1610 770 1646 magno
789 1611 890 1635 nunc
909 1611 972 1636 ore
991 1599 1213 1637 sonandum.

64 1647 255 1700 Incipiens
274 1649 433 1688 stabulis
451 1649 555 1687 edico
573 1649 614 1686 in
632 1650 807 1688 mollibus
826 1651 981 1688 herbam

63 1700 224 1752 Carpere
242 1714 341 1749 oves,
360 1702 451 1739 dum
470 1715 559 1739 mox
576 1702 753 1740 frondosa
770 1703 963 1741 reducitur
981 1706 1093 1741 aestas
1111 1721 1118 1752 3

65 1753 119 1791 Et
136 1753 259 1792 multa
275 1755 408 1792 duram
426 1755 568 1805 stipula
584 1755 799 1804 filicumque
818 1756 992 1806 maniplis

63 1806 237 1845 Sternere
255 1807 386 1845 subter
403 1807 575 1854 humum,
595 1807 778 1858 glaciesne
797 1809 935 1859 frigida
953 1809 1067 1846 laedat

64 1857 183 1897 Molle
199 1872 324 1909 pecus,
345 1861 580 1910 scabiemque
598 1861 694 1898 ferat
712 1864 914 1911 turpesque
933 1862 1128 1912 podagras.

64 1909 159 1949 Post
175 1911 264 1950 hine
282 1912 471 1963 digressus
484 1913 598 1962 jubeo
616 1913 831 1951 frondentia
849 1915 969 1964 capris

64 1963 213 2002 Axbuta
229 1964 406 2013 sufficere,
425 1967 464 2003 et
482 1965 616 2003 fluvios
633 1966 798 2016 praebere
815 1970 1005 2005 recentes:

61 2013 118 2054 Et
135 2016 284 2055 stabula
301 2029 324 2056 a
340 2017 464 2056 ventis
482 2018 640 2056 hiberno
658 2032 843 2069 opponere
862 2019 931 2058 soli

60 2068 124 2106 Ad
141 2068 308 2107 medium
326 2082 503 2109 conversa
520 2071 632 2117 diem,
651 2084 769 2120 quum
790 2072 948 2122 frigidus
967 2071 1057 2108 olim

60 2119 89 2158 J
90 2134 152 2159 am
170 2121 271 2160 cadit
289 2123 529 2172 extremoque
546 2123 683 2161 irrorat
701 2125 889 2174 Aquarius
908 2137 1017 2161 anno.

60 2173 138 2214 Hae
155 2186 302 2223 quoque
320 2186 397 2212 non
415 2186 504 2212 cura
520 2176 627 2213 nobis
647 2176 783 2214 leviore
802 2176 954 2214 tuendae
969 2192 976 2221 3

59 2225 142 2267 Nee
160 2227 283 2265 minor
302 2239 391 2264 usus
410 2226 496 2275 erit,
531 2229 700 2279 quamvis
722 2228 871 2266 Milesia
890 2241 1027 2280 magno

1261 338 1338 377 270

1257 864 1334 902 280

1255 1127 1331 1164 255

1253 1392 1330 1430 290

1246 1915 1322 1953 300
