1539 2370
528 61 770 91 GEOBGIOON
789 62 874 92 Lm.
892 62 951 94 Π.

106 157 278 210 Regibus
295 157 449 196 incessit
467 171 606 208 magno
631 158 818 197 discordia
835 159 965 208 motu)

105 211 373 261 Continuoque
391 210 535 249 animos
555 211 661 262 vulgi
679 214 719 250 et
736 211 968 262 trepidantia
984 211 1082 250 bello

105 263 230 303 corda
246 265 335 302 licet
353 263 465 314 longe
483 264 739 315 praesciscerc3
766 277 930 314 namque
949 267 1142 304 morantes

105 317 266 356 Martius
284 317 347 354 ille
365 317 449 355 aeris
468 317 571 355 rauci
590 331 702 355 canor
720 318 902 367 increpat,
921 319 961 356 et
979 331 1054 356 vox

104 370 273 408 Auditur
291 370 430 408 fractos
448 370 596 408 sonitus
615 371 768 408 imitata
784 371 989 418 tubarum3

104 422 206 461 Tum
224 423 383 474 trepidae
402 423 504 461 inter
522 437 562 462 se
580 426 733 471 coeunt,
751 423 958 474 pennisque
978 426 1189 473 coruscant,

104 475 328 527 Spiculaque
347 478 535 514 exacuunt
553 477 698 523 rostris,
717 479 926 527 aptantque
944 477 1116 525 lacertos,

104 528 161 567 Et
179 529 277 568 circa
293 542 423 580 regem
441 531 555 580 atque
573 529 655 580 ipsa
673 529 721 566 ad
738 529 915 579 praetoria
935 529 1060 568 densae

104 579 326 630 Miscentur,
345 583 566 633 magnisque
583 584 722 620 vocant
741 582 965 620 clamoribus
983 582 1146 620 hostem.

103 633 211 686 Ergo
228 635 295 673 ubi
313 648 378 673 ver
395 637 517 673 nactae
537 635 674 673 sudum
694 648 918 686 camposque
935 637 1111 685 patentes

104 686 328 738 Erumpunt
346 688 478 738 portis,
499 688 734 726 concurritur
750 704 759 735 3
786 688 926 725 aethere
945 689 984 725 in
1004 688 1082 726 alto

104 739 174 778 Fit
191 741 361 787 sonitus3
387 753 571 791 magnum
588 741 720 778 mixtae
738 740 1000 791 glomerantiu·
1017 741 1058 778 in
1077 741 1218 789 orbem,

104 791 398 844 Praecipitesque
418 794 580 831 cadunt:
599 807 677 832 non
695 793 844 831 densior
862 796 947 832 aere
965 794 1122 843 grando,

103 844 146 884 Ν
147 859 188 884 ec
207 846 254 884 de
271 859 451 884 concussa
467 848 623 884 tantum
640 846 739 896 pluit
757 846 840 884 ilice
858 846 1019 897 glandis.
1051 851 1081 897 <3¹
1095 853 1163 878 ω’]

104 897 188 949 Ipsi
205 912 272 949 per
288 899 431 937 medias
450 899 546 937 acies
564 899 777 949 insignibus
796 899 864 936 alis

104 950 290 1002 Ingentes
308 951 453 989 animos
472 954 634 1002 angusto
652 952 692 988 in
711 953 861 1002 pectore
879 953 1044 999 versant,

105 1003 237 1054 Usque
256 1004 347 1042 adeo
367 1004 494 1042 obnixi
512 1018 589 1042 non
607 1004 747 1051 cedere,
766 1004 857 1041 dum
875 1004 1002 1054 gravis
1020 1005 1088 1042 aut
1105 1002 1176 1042 hos

105 1057 189 1096 Aut
207 1057 277 1096 hos
295 1070 404 1096 versa
420 1056 512 1108 fuga
529 1057 651 1095 victor
668 1057 755 1094 dare
772 1058 883 1107 terga
900 1057 1064 1107 subegit.

105 1109 166 1148 Hi
181 1111 310 1148 motus
329 1110 541 1148 animorum
560 1112 673 1159 atque
691 1109 772 1147 haec
791 1109 998 1147 certamina
1015 1111 1128 1148 tanta

106 1162 280 1201 Pulveris
299 1163 426 1213 exigui
438 1163 547 1214 jactu
565 1175 777 1213 compressa
795 1162 1005 1211 quiescunt.

106 1215 251 1254 Verum
268 1215 336 1255 ubi
353 1216 528 1260 ductores
548 1215 625 1253 acic
643 1215 873 1254 revocaveris
891 1215 1014 1261 ambo,

107 1268 286 1307 Deterior
304 1268 369 1319 qui
386 1268 501 1316 visus,
521 1281 617 1316 eum,
626 1281 672 1306 ne
691 1268 870 1318 prodigus
893 1268 1005 1313 obsit,

108 1320 217 1360 Dede
235 1321 340 1368 neci3
367 1320 500 1358 melior
518 1333 636 1358 vacua
654 1320 733 1357 sinc
750 1322 885 1369 regnet
903 1319 943 1356 in
963 1319 1059 1356 aula.

109 1373 222 1412 Alter
239 1373 312 1411 erit
330 1372 486 1410 maculis
505 1386 595 1410 auro
614 1372 872 1421 squalentibus
891 1371 1024 1408 ardens
1039 1387 1047 1417 ;

109 1426 214 1464 Nam
234 1426 308 1464 duo
327 1426 418 1463 sunt
435 1438 573 1476 genera.
589 1441 597 1472 ;
624 1425 686 1463 hic
705 1425 848 1471 melior,
866 1423 1026 1474 insignis
1045 1425 1085 1461 et
1104 1435 1177 1469 ore,

111 1478 169 1517 Et
186 1478 311 1517 rutilis
330 1477 451 1516 clarus
469 1477 658 1527 squamis3
684 1477 746 1515 illc
764 1477 939 1515 horridus
959 1477 1054 1515 alter

110 1530 278 1578 Desidia,
296 1530 488 1581 latamque
505 1531 660 1568 trahens
678 1530 860 1580 inglorius
881 1530 1081 1590 alvum&

111 1582 172 1622 Ut
189 1584 288 1622 binae
306 1597 442 1634 regum
461 1584 584 1629 facies,
604 1583 659 1620 ita
678 1596 832 1633 corpora
849 1582 967 1632 plebis
982 1593 989 1614 =

112 1636 290 1687 Namque
309 1636 390 1674 aliae
408 1638 539 1686 turpes
558 1636 725 1682 horrent,
765 1648 833 1673 ceu
851 1635 1003 1685 pulvere
1022 1634 1069 1672 ab
1089 1631 1168 1672 alto

113 1689 243 1737 Quum
260 1689 366 1727 venit
397 1692 436 1727 ct
455 1689 552 1727 sicco
571 1691 711 1727 terrani
730 1689 834 1739 spuit
852 1701 914 1726 ore
933 1688 1057 1725 viator

114 1743 278 1789 Aridus3
306 1742 456 1780 elucent
478 1742 559 1779 aliae
592 1745 631 1779 et
651 1741 796 1792 fulgore
815 1743 1014 1779 coruscant

115 1795 304 1833 Ardentes
323 1807 412 1833 auro
432 1796 472 1832 et
489 1795 642 1845 paribus
660 1795 730 1831 lita
748 1807 903 1844 corpora
920 1793 1056 1844 guttis.

118 1846 216 1885 Haec
233 1848 359 1898 potior
377 1847 546 1894 suboles3
574 1847 663 1885 hinc
681 1847 764 1885 coeli
784 1850 953 1896 tempore
972 1848 1076 1884 certo

116 1899 256 1938 Dulcia
272 1900 384 1938 mella
400 1913 568 1951 premes;
595 1914 664 1938 nec
682 1902 835 1938 tantum
855 1900 990 1944 dulcia»,
1011 1898 1199 1947 quantum

117 1952 174 1990 Et
191 1953 346 2002 liquida,
363 1955 404 1991 et
421 1953 561 1991 durum
580 1953 722 1991 Bacchi
741 1953 933 1990 domitura
951 1963 1132 2001 saporem.

172 2006 228 2043 At
247 2018 365 2054 quum
383 2006 528 2044 incerta
544 2006 676 2044 volant
707 2006 874 2055 coeloque
893 2005 1064 2042 examina
1083 2001 1235 2048 ludunt,

119 2057 457 2107 contemnuntque
474 2059 590 2105 savos,
609 2066 646 2097 et
664 2059 800 2108 frigida
818 2061 920 2095 tecta
938 2057 1170 2105 relinquunt,

120 2110 324 2149 Instabiles
342 2111 487 2149 animos
505 2112 594 2150 ludo
612 2111 827 2162 prohibebis
846 2110 960 2147 inani.

120 2163 204 2202 Nec
223 2176 385 2214 magnus
402 2163 600 2213 prohibere
617 2165 744 2203 labor:
765 2168 807 2200 tu
830 2162 986 2209 regibus
1005 2159 1085 2197 alas

120 2215 238 2268 Eripe
254 2233 262 2256 ς
290 2229 367 2255 non
383 2215 459 2254 illis
477 2216 677 2269 quisquam
695 2215 963 2257 cunctantibus
982 2214 1105 2255 altum

1317 266 1375 308 '70

1320 528 1374 570 75

1320 792 1375 833 80

1322 1055 1374 1095 85

1325 1319 1378 1357 90

1306 1842 1385 1880 100

1306 2103 1386 2146 105
