1544 2400
519 109 555 137 Ρ.
574 104 764 136 menan
782 105 976 136 unone

109 208 349 254 Pascentem,
367 207 408 245 et
427 217 520 244 serae
538 203 659 244 solam
677 203 854 242 decedere
873 203 1000 241 nocti:

109 260 304 300 Continuo
323 259 474 311 eulpam
491 259 589 297 ferro
609 269 814 308 compesce,
832 257 937 308 prius
955 267 1070 306 quam

108 314 206 353 Dira
223 327 290 365 per
307 313 504 352 incautum
524 313 678 362 serpant
697 310 875 361 contagia
892 309 1042 360 vulgus.

109 367 203 406 Non
220 370 303 405 tam
321 367 449 405 creber
467 379 583 416 agens
601 365 766 402 hiemem
784 363 863 401 ruit
881 375 1031 412 aequore
1048 359 1176 405 turbe,
1309 357 1391 396 470

109 420 234 468 Quam
252 420 386 458 multae
403 419 592 470 pecudum
610 420 735 468 pestes
751 432 759 455 :
787 429 857 455 nec
875 415 1025 466 singula
1043 411 1166 452 morbi

110 473 279 524 Corpora
297 473 517 522 corripiunt,
536 471 602 510 scd
619 472 706 508 tota
722 469 857 508 aestiva
873 471 1040 520 repente,

110 527 298 577 Spemque
316 538 545 577 gregemque
563 523 689 570 simul,
708 525 959 573 cunctamque
977 522 1025 560 ab
1043 519 1189 571 origine
1207 518 1375 569 gentem.

111 580 212 618 Tum
231 580 337 626 sciat,
356 578 474 616 a’e‘rias
493 577 610 628 Alpes
628 579 668 615 et
686 576 829 614 Norica
846 575 878 613 si
897 575 981 624 quis

111 632 277 671 Castella
294 633 335 669 in
352 631 523 677 tumulis,
543 633 584 668 et
603 629 760 681 Iapydis
779 642 869 667 arva
887 626 1050 674 Timavi,
1311 623 1389 662 475

110 684 227 724 Nunc
247 698 394 735 quoque
412 686 501 734 post
518 685 630 721 tanto
648 683 788 730 videat,
807 682 1030 731 desertaque
1049 691 1167 730 regna

111 738 330 785 Pastorum,
350 740 389 776 et
407 737 521 788 longe
539 736 658 774 saltus
675 735 826 785 lateque
843 739 1034 774 vacantes.

166 791 243 829 Hic
262 791 454 841 quondam
470 789 604 827 morbo
623 789 708 827 coeli
725 788 939 826 miseranda
957 787 1090 825 coorta
1107 786 1167 823 est

111 844 334 895 Tempestas
364 845 524 892 totoque
542 841 740 880 auctumni
758 841 956 879 incanduit
974 842 1085 885 aestu,

111 897 168 936 Et
187 910 308 948 genus
327 909 438 934 omne
455 895 540 933 neci
557 895 746 946 pecudum
765 894 883 941 dedit,
902 906 1014 932 omne
1031 892 1221 938 ferarum3
1311 888 1391 928 480

113 949 368 1000 Corrupitque
385 949 488 986 lacus
504 964 513 996 ;
540 947 672 986 infecit
689 947 828 998 pabula
844 947 948 985 tabo.

111 1003 154 1041 N
155 1016 196 1041 ee
214 1004 277 1041 via
293 1002 428 1040 mortis
447 1003 528 1041 crat
547 1000 727 1052 simplex3
755 1000 822 1039 sed
838 999 907 1038 ubi
924 999 1038 1050 ignea
1054 997 1160 1037 venis

112 1055 301 1094 Omnibus
319 1056 405 1093 acta
423 1054 506 1092 sitis
524 1054 681 1092 miseros
699 1053 909 1092 adduxerat
927 1054 1046 1099 artus,

112 1108 264 1147 Rursus
283 1107 502 1146 abundabat
520 1106 660 1144 fluidus
678 1106 814 1156 liquor,
834 1105 1036 1156 omniaque
1053 1104 1095 1143 in
1113 1117 1153 1143 se

114 1161 210 1200 Ossa
227 1160 452 1199 minutatim
472 1160 603 1198 morbo
622 1158 785 1209 collapsa
801 1158 992 1196 trahebat.
1311 1155 1391 1195 485

113 1214 220 1266 Saepe
238 1214 279 1252 in
296 1214 439 1252 honore
457 1213 572 1251 deum
590 1211 714 1250 medio
732 1214 838 1250 stans
851 1211 979 1250 hostia
997 1210 1045 1249 ad
1063 1222 1178 1257 aram,

113 1267 245 1305 Lanea
263 1267 356 1305 dum
369 1266 480 1304 nivea
497 1265 756 1303 circumdatur
773 1264 894 1303 infula
909 1264 1019 1310 vitta,

116 1319 227 1358 Inter
245 1321 468 1358 cunctantes
487 1318 623 1356 cecidit
641 1317 869 1356 moribunda
885 1317 1092 1356 ministros.

113 1373 198 1412 Aut
217 1373 248 1410 si
268 1385 383 1422 quam
401 1372 499 1410 ferro
517 1373 752 1409 mactaverat
770 1373 860 1408 ante
878 1370 1062 1416 sacerdos,

114 1425 212 1465 Inde
232 1438 353 1475 neque
372 1425 561 1475 impositis
580 1424 714 1462 ardent
733 1423 868 1462 altaria
885 1423 1002 1469 fibris,
1313 1419 1394 1459 490

113 1479 155 1518 N
157 1493 198 1517 ee
217 1491 395 1530 responsa
411 1480 541 1528 potest
558 1477 755 1515 consultus
773 1476 928 1514 reddere
945 1477 1074 1523 vates;

114 1532 172 1571 Ac
191 1532 255 1569 vix
274 1531 462 1582 suppositi
478 1530 688 1581 tinguntur
707 1530 892 1581 sanguine
911 1529 1038 1576 cultri,

115 1586 348 1634 Summaque
362 1583 494 1635 jejuna
511 1583 614 1621 sanie
631 1583 845 1621 infuscatur
863 1594 986 1620 arena.

116 1638 221 1676 Hine
240 1638 339 1675 laetis
358 1637 472 1675 vituli
488 1637 606 1687 vulgo
624 1636 838 1674 moriuntur
855 1635 895 1673 in
913 1634 1056 1680 herbis,

115 1690 172 1728 Et
191 1690 318 1728 dulces
338 1690 482 1727 animas
501 1689 613 1740 plena
630 1690 678 1727 ad
696 1689 877 1739 proescpia
895 1688 1073 1727 reddunt.
1315 1686 1393 1724 495

115 1743 222 1781 Hinc
241 1743 396 1780 canibus
415 1742 562 1779 blandis
581 1742 702 1780 rabies
720 1742 838 1788 venit,
857 1743 897 1779 et
915 1741 1043 1790 quatit
1060 1750 1182 1790 aegros

116 1796 248 1834 Tussis
267 1795 402 1833 anhela
420 1807 504 1832 sues
524 1808 566 1832 ac
585 1794 756 1832 saucibus
775 1794 884 1844 angit
903 1793 1036 1831 obesis.

117 1848 280 1886 Labitur
298 1848 430 1886 infelix
449 1848 665 1885 studiorum
683 1850 798 1897 atque
815 1847 1014 1885 immemor
1032 1845 1160 1884 herbae

116 1901 251 1940 V-ictor
269 1914 399 1952 equus,
420 1900 617 1950 sontesque
637 1900 835 1947 avertitur,
854 1902 894 1938 ct
912 1899 1006 1950 pede
1023 1901 1165 1938 terram

118 1954 261 1993 Crebra
278 1954 388 2001 scrit3
416 1953 588 1991 demissoe
607 1966 737 2000 aures;
764 1953 931 1990 incertus
949 1952 1090 1991 ibidem
1316 1949 1396 1990 500

117 2008 251 2055 Sudor,
269 2009 309 2046 ct
326 2006 390 2045 ille
408 2005 560 2057 quidem
578 2006 772 2044 morituris
789 2005 970 2056 frigidum
998 2006 1080 2043 nrct

118 2060 247 2108 Pollis,
267 2063 306 2099 et
325 2060 372 2098 ad
389 2059 538 2097 tactum
556 2059 740 2097 tractanti
759 2059 854 2096 dura
870 2058 1025 2096 resistit.

118 2113 215 2151 llaec
235 2116 323 2152 ante
342 2112 503 2152 exitium
521 2111 653 2164 primis
672 2112 766 2150 dunt
784 2112 894 2162 signa
911 2111 1054 2150 diebus.

118 2167 184 2203 Sin
205 2180 242 2204 m
262 2179 438 2217 processu
456 2166 573 2217 coepit
590 2165 805 2204 crudescere
824 2164 989 2212 morbus,

118 2218 217 2256 Tum
238 2233 325 2257 vero
344 2220 518 2257 ardentes
537 2218 648 2266 ocuii,
665 2220 779 2270 atque
798 2220 984 2256 attractus
1004 2217 1051 2256 ab
1069 2216 1148 2256 alto
1317 2212 1398 2256 605

118 2271 293 2323 Spiritus,
313 2272 504 2311 interdum
522 2272 670 2324 gemitu
687 2272 826 2324 gravis,
862 2272 1010 2322 imaque
1028 2271 1143 2322 longo
