1544 2400
560 112 597 142 1⁸.
615 107 806 141 menan
823 107 1016 140 mnoms

176 206 355 252 Cannine
374 219 449 260 quo
468 208 589 260 captae
607 206 701 246 dum
719 206 813 246 fusis
831 206 963 246 mollia
981 219 1098 258 pensa

174 262 410 309 Devolvunt,
429 262 570 300 iterum
588 263 780 300 maternas
798 260 954 310 impulit
973 273 1081 298 aures

175 315 324 354 Luctus
342 315 510 362 Aristaei,
527 315 736 364 vitreisque
755 313 934 352 sedilibus
954 327 1085 352 omncs

175 369 438 420 Obstupuere;
457 369 524 407 scd
542 369 631 406 ante
650 367 742 405 alias
757 367 952 405 Arethusa
969 379 1113 405 sorores

175 422 346 473 Prospici
445 434 595 460 summa
612 420 754 458 flavum
773 422 889 470 caput
907 420 1046 458 extulit
1065 419 1165 457 unda
1180 436 1188 466 ;

174 475 232 513 Et
248 489 365 526 procu
396 505 404 513 .
425 477 447 495 ‘⁴
460 474 494 513 O
513 474 662 525 gemitu
680 486 759 511 non
776 473 919 511 frustra
937 473 1119 512 exterrita
1135 474 1259 522 tanto,

175 528 324 579 Cyrene
342 540 458 574 soror,
476 527 557 578 ipse
575 527 660 573 tibi,
679 528 749 564 tua
766 526 933 564 maxima
950 539 1050 573 eura,

175 581 314 619 Tristis
333 581 522 619 Aristaeus
542 579 659 618 Penei
678 579 863 631 genitoris
891 579 939 617 ad
957 580 1099 618 undam

176 634 264 673 Stat
282 634 494 681 lacrimans,
514 635 554 671 et
572 635 612 672 tc
632 633 821 671 crudelem
839 633 993 670 nominc
1012 632 1118 670 dicit.

174 687 281 726 Huic
299 700 476 739 percussa
492 700 592 725 nova
608 688 778 725 mentem
796 685 998 724 formidine
1017 688 1151 732 mater,

175 742 197 761 “
213 740 312 788 Duc,
332 754 413 791 age,
433 740 505 778 duc
524 740 572 777 ad
590 753 682 785 nos3
700 739 757 776 sas
775 739 832 776 illi
850 738 983 776 limina
1001 738 1133 776 divum

175 793 388 844 Tangere‚’'
409 793 486 839 ait3
506 792 620 830 simul
638 791 841 842 altajubet
860 791 1049 829 discedere
1066 791 1144 830 late

175 845 367 893 Flumina,
387 859 462 896 qua
473 845 625 897 juvenis
645 858 795 896 gressus
814 844 982 883 inferret.
1037 845 1094 882 At
1112 844 1221 883 illum

175 898 345 937 Curvata
361 899 402 936 in
420 898 562 936 montis
580 898 716 936 faciem
735 897 990 936 circumstetit
1008 898 1122 945 unda,

175 952 409 1003 Accepitque
428 952 514 989 sinu
531 953 641 989 vasto
672 950 852 1002 misitque
871 950 942 988 sub
961 963 1123 988 amnem.

176 1004 342 1055 Jamque
360 1005 515 1043 domum
536 1005 677 1042 mirans
696 1003 900 1055 genetricis
930 1005 971 1042 et
989 1003 1148 1042 humida
1165 1015 1283 1058 regna

175 1058 447 1109 Speluncisque
465 1058 569 1096 lacus
589 1057 735 1095 clausos
765 1057 944 1108 lucosque
963 1059 1142 1096 sonantes

175 1110 278 1157 Ibat,
297 1113 338 1150 et
368 1110 519 1162 ingenti
537 1113 646 1148 motu
665 1110 901 1161 stupefactus
921 1123 1104 1160 aquarum

175 1163 316 1202 Omnia
333 1164 404 1202 sub
423 1176 563 1214 magna
579 1163 747 1201 labentia
763 1163 925 1200 fiumina
942 1165 1045 1200 terra

176 1216 384 1267 Spectabat
402 1217 551 1254 diversa
568 1216 671 1263 locis,
691 1215 933 1267 Phasimque,
954 1215 1189 1266 Lycumque,

176 1269 233 1307 Et
251 1271 378 1320 caput,
397 1269 498 1307 unde
517 1269 617 1306 altus
637 1269 803 1320 primum
822 1282 861 1307 se
881 1269 1046 1319 erumpit
1065 1269 1247 1320 Eumene,

176 1321 288 1360 Unde
307 1325 415 1372 pater
433 1322 646 1368 Tiberinus,
665 1324 705 1360 et
723 1322 824 1359 unde
842 1321 994 1359 Aniena
1010 1321 1166 1369 fluenta,

175 1375 434 1426 Saxosumque
453 1388 590 1413 sonans
610 1375 801 1426 Hypanis,
821 1374 1034 1426 Mysusque
1053 1374 1203 1425 Caicus,

175 1427 232 1466 Et
250 1428 403 1478 gemina
421 1430 576 1466 auratus
595 1429 747 1466 taurino
767 1441 907 1466 cornua
923 1428 1036 1466 vultu

175 1480 378 1529 Eridanus,
397 1495 472 1531 quo
490 1495 567 1520 non
587 1481 682 1519 alius
700 1493 767 1532 per
783 1481 941 1532 pinguia
958 1481 1063 1519 culta

174 1532 225 1572 In
244 1547 346 1572 mare
364 1548 596 1585 purpureum
614 1534 817 1572 violentior
835 1534 956 1572 effluit
973 1533 1108 1572 amnis.

174 1585 386 1637 Postquam
405 1589 464 1625 est
482 1588 523 1625 in
541 1587 703 1626 thalami
720 1587 926 1638 pendentia
942 1587 1092 1638 pumice
1110 1588 1215 1627 tecta

176 1638 423 1687 Perventum,
443 1642 483 1678 et
503 1641 585 1678 nati
604 1641 716 1679 fletus
736 1640 918 1691 cognovit
936 1641 1066 1678 inanes

175 1691 334 1742 Cyrene,
353 1693 528 1732 manibus
547 1694 710 1743 liquidos
729 1694 824 1732 dant
842 1694 972 1732 ordine
991 1694 1118 1732 sontes

176 1744 387 1791 Germanae,
407 1747 603 1796 tonsisque
622 1747 751 1784 serunt
769 1746 951 1784 mantelia
968 1746 1069 1784 villis
1087 1762 1095 1792 ;

176 1794 271 1835 Pars
289 1798 409 1849 epulis
429 1801 589 1836 onerant
608 1813 768 1847 mensam,
787 1801 827 1837 et
845 1798 957 1850 plena
973 1799 1165 1848 reponunt

176 1849 320 1890 Pocula
335 1867 344 1898 3
364 1850 562 1889 Panchaeis
581 1852 804 1891 adolescunt
822 1851 977 1903 ignibus
995 1864 1068 1889 arae
1083 1867 1090 1896 ;

174 1903 232 1942 Et
249 1906 460 1951 mater,—“
475 1902 576 1954 Cape
596 1904 752 1942 Maeonii
773 1904 963 1943 carchesia
982 1903 1122 1942 Bacchi
1138 1919 1147 1942 ε

174 1956 325 1995 Oceano
342 1956 666 2003 libemus‚”—ait.
723 1957 843 1995 Simul
862 1957 945 2008 ipsa
962 1961 1137 2008 precatur

173 2010 442 2061 Oceanumque
459 2011 607 2062 patrem
626 2023 765 2057 rerum,
784 2010 1062 2062 Nymphasque
1077 2023 1233 2059 sorores,

175 2063 342 2102 Centum
361 2077 443 2114 qum
461 2063 586 2110 silvas,
605 2066 758 2102 centum
779 2076 862 2113 qum
881 2063 1040 2102 flumina
1057 2066 1223 2103 servant.

174 2115 249 2154 Ter
268 2117 411 2167 liquido
429 2117 626 2155 ardentem
645 2116 811 2168 perfudit
830 2119 982 2155 nectare
1000 2117 1159 2155 Vestam
1175 2132 1185 2165 3

173 2168 250 2207 Ter
268 2170 422 2208 flamma
439 2170 487 2208 ud
505 2182 699 2209 summum
715 2169 810 2208 tecti
830 2170 1000 2221 subjecta
1017 2170 1171 2209 reluxit.

173 2221 313 2261 Omine
332 2236 406 2272 quo
426 2223 581 2262 firmans
599 2223 781 2271 animum,
800 2223 853 2261 sie
872 2224 1006 2274 incipit
1025 2224 1127 2275 ipsa:

228 2275 338 2314 “Est
357 2276 395 2314 in
416 2275 624 2330 Carpathio
642 2275 817 2329 Neptuni
835 2277 990 2329 gurgite
1008 2279 1127 2327 vates,

1369 313 1451 353 350

1371 847 1453 886 360

1373 1112 1451 1150 305

1371 1376 1453 1416 370

1371 1640 1451 1680 376

1369 1904 1450 1944 380

1367 2169 1448 2211 88⁵
