1544 2400
563 97 599 126 1³.
619 94 807 126 menn
826 96 1017 128 MAnoms

152 190 344 230 Faucibus
361 191 410 230 ad
427 192 561 231 limum
581 193 675 231 radii
694 193 884 244 tepefacta
901 194 1137 246 coquebant;

151 245 280 292 Quum
299 245 462 285 Proteus
481 250 663 285 consueta
680 250 814 298 petens
833 261 854 286 e
872 248 1051 288 fluctibus
1071 252 1181 288 antra

150 296 264 336 Ibat:
293 311 381 337 eum
398 299 499 337 vasti
518 299 660 337 circum
679 313 772 350 gens
792 300 950 339 humida
966 303 1078 352 ponti
1345 303 1426 344 480

149 350 359 390 Exsultans
377 365 502 391 rorem
520 352 597 390 late
616 353 794 403 dispersit
812 367 994 393 amarum.

149 403 340 442 Sternunt
359 418 398 443 se
417 418 550 443 somno
570 406 726 443 diversae
744 406 785 444 in
803 406 916 446 litore
934 407 1091 458 phocae:

149 456 250 506 Ipse,
269 457 376 495 velut
395 458 536 496 stabuli
556 461 683 496 custos
701 459 742 496 in
761 460 956 498 montibus
975 460 1080 508 olim,

149 509 293 559 Vesper
311 511 376 548 ubi
395 523 415 548 e
433 513 547 561 pastu
564 512 707 549 vitulos
727 512 775 550 ad
792 514 898 550 teet-a
914 513 1074 561 reducit,

147 563 377 612 Auditisque
396 563 504 614 lupos
524 567 666 602 acuunt
685 565 874 603 balatibus
893 566 994 616 agni,
1342 571 1422 610 435

148 614 324 653 Considit
343 616 497 666 scopulo
516 617 673 664 medius,
693 631 969 668 numerumque
987 621 1167 659 recenset.

149 667 268 719 Cujus
289 669 454 707 Aristaeo
473 670 653 720 quoniam
672 673 730 708 est
749 671 879 709 oblata
895 671 1068 717 facultas,

147 720 223 758 Vix
242 721 387 760 defessa
405 735 533 760 senem
551 736 682 773 passus
702 737 926 774 componere
944 725 1127 772 membra,

147 773 246 812 Cum
266 774 428 813 elamore
446 775 526 813 ruit
544 789 695 826 magno,
714 777 945 826 manicisque
957 778 1152 828 jacentem

147 826 332 877 Occupat.
387 827 460 866 Ille
478 842 557 866 suae
578 832 711 867 contra
728 843 805 868 non
824 830 1024 868 immemor
1042 832 1135 869 artis
1342 834 1424 874 440

148 878 288 917 Omnia
305 880 555 918 transformat
574 895 653 920 sese
672 882 711 919 in
730 883 911 920 miracula
927 897 1066 930 rerum,

147 931 371 983 Jgnemque,
391 933 685 985 horribilemque
702 935 832 982 feram,
851 935 1085 987 fluviumque
1103 936 1326 988 liquentem.

147 984 290 1023 Verum
309 986 374 1024 ubi
393 986 499 1024 nulla
516 987 647 1039 sugam
667 989 807 1039 reperit
825 988 992 1039 pellacia,
1010 990 1136 1028 vietus

147 1037 196 1075 In
215 1051 295 1077 sese
313 1039 423 1085 redit,
443 1042 557 1090 atque
576 1040 741 1079 hominis
759 1042 916 1080 tandem
935 1055 998 1080 ore
1015 1042 1189 1081 loeutus:

148 1093 167 1110 ‘²
183 1091 288 1128 Nam
307 1092 391 1142 quis
410 1094 461 1138 te,
474 1093 661 1143 juvenum
680 1094 1012 1141 confidentissime,
1031 1099 1181 1134 nostras
1341 1098 1421 1139 445

146 1142 174 1180 J
177 1144 272 1182 ussit
291 1145 393 1183 adire
412 1145 579 1184 domus?
605 1147 742 1197 quidve
760 1147 850 1185 hine
869 1148 967 1197 petis
982 1147 999 1186 ?
1014 1149 1038 1165 ’'
1067 1149 1205 1198 inquit.
1259 1148 1317 1187 At
1334 1149 1419 1190 ille:

146 1200 166 1215 “
180 1197 272 1243 Scis,
293 1197 448 1245 Proteu,
468 1199 540 1237 seis
558 1200 660 1250 ipse3
688 1213 809 1250 neque
828 1203 887 1238 est
905 1203 945 1238 te
963 1200 1092 1240 fallere
1111 1201 1341 1253 quidquam5
1358 1205 1367 1225 ,-

146 1249 220 1288 Sed
239 1253 285 1288 tu
304 1251 432 1289 desine
452 1252 557 1290 velle.
613 1252 740 1291 Deum
758 1255 946 1304 praecepta
964 1254 1096 1300 secuti,

145 1301 329 1341 Venimus
348 1303 437 1342 hine
456 1304 570 1356 lapsis
590 1306 796 1356 quaesitum
815 1305 965 1344 oracula
982 1306 1135 1345 rebus.”

145 1355 315 1394 Tantum
334 1358 483 1395 effatus.
538 1358 602 1395 Ad
620 1359 700 1397 haec
718 1361 826 1397 vates
845 1359 883 1396 vi
902 1359 1064 1410 denique
1082 1359 1207 1398 multa
1337 1360 1420 1402 450

145 1409 334 1448 Ardentes
353 1410 481 1448 oeulos
499 1411 655 1449 intorsit
673 1412 816 1450 lumine
835 1412 982 1463 glauco,

145 1462 200 1500 Et
219 1462 387 1513 graviter
404 1463 579 1502 frendens
611 1465 664 1502 sie
683 1465 770 1503 satis
790 1478 855 1503 ora
872 1465 1050 1504 resolvit:

197 1518 218 1534 “
231 1515 324 1553 Non
343 1518 383 1554 te
401 1516 542 1554 nullius
561 1521 736 1556 exercent
755 1518 922 1556 numinis
940 1518 1018 1556 iroe.

145 1567 292 1619 Magna
308 1568 382 1606 luis
401 1569 622 1609 commissa:
651 1571 724 1608 tibi
742 1571 811 1608 has
830 1570 1053 1608 miserabilis
1072 1570 1246 1621 Orpheus

147 1620 453 1672 Haudquaquam
471 1623 520 1661 ob
539 1624 718 1662 meritum
738 1637 878 1674 poenas:
898 1624 938 1661 ni
958 1623 1058 1661 Fata
1075 1623 1268 1671 resistant,
1340 1624 1419 1664 455

144 1673 325 1720 Suscitat‚
345 1677 384 1712 et
402 1678 513 1726 rapta
530 1677 698 1726 graviter
716 1691 784 1728 pro
803 1677 963 1727 conjuge
982 1676 1104 1714 saevit.

145 1725 220 1763 Illa
238 1727 402 1775 quidem,
422 1729 513 1766 dum
533 1733 572 1766 te
592 1729 742 1780 sugeret
760 1743 826 1780 per
844 1729 1002 1766 fiumina
1019 1741 1196 1779 praeceps,

146 1777 361 1817 Immanem
379 1783 468 1818 ante
488 1781 600 1831 pedes
619 1782 786 1832 hydrum
817 1781 1004 1820 moritura
1021 1781 1143 1831 puella

145 1831 368 1870 Servant-em
386 1833 485 1882 ripas
505 1834 585 1871 alta
603 1848 678 1873 non
698 1835 796 1872 vidit
814 1835 855 1872 in
873 1834 1000 1872 herba.

147 1885 202 1922 At
221 1884 359 1923 chorus
377 1885 530 1934 aequalis
550 1886 751 1937 Dryadum
771 1887 933 1925 elamore
952 1898 1147 1937 supremos
1338 1887 1420 1926 460

147 1937 363 1988 Implerunt
381 1941 554 1984 montem
582 1940 722 1978 flerunt
743 1940 974 1989 Rhodopeiae
993 1952 1097 1977 arces

147 1990 312 2041 Altaque
333 1990 499 2042 Pangaea.
516 1994 555 2029 et
576 1991 694 2029 Rhesi
715 1992 910 2031 Mavortia
927 1991 1055 2036 tellus,

146 2044 276 2094 Atque
295 2043 406 2083 Getoe
424 2046 539 2095 atque
559 2044 714 2083 Hebrus
733 2048 773 2083 et
792 2046 925 2083 Actias
944 2043 1135 2095 Orithyia.

148 2096 235 2146 lpse
254 2109 346 2135 cava
364 2097 489 2135 solans
507 2111 651 2150 aegrum
671 2098 865 2137 testudine
883 2110 1062 2145 amorem,

147 2148 212 2195 Te,
232 2149 351 2187 dulcis
370 2151 518 2200 conjux,
537 2155 578 2189 te
596 2151 676 2189 solo
695 2151 732 2189 in
752 2151 863 2189 litore
882 2163 1023 2199 secum,
1338 2148 1420 2191 466

147 2201 201 2239 'l‘o
221 2202 397 2240 veniente
416 2203 487 2250 die,
506 2206 546 2242 te
566 2204 769 2242 decedente
787 2204 958 2242 canebat.

147 2254 341 2294 'smnurius
360 2255 478 2297 ctiam
496 2257 632 2307 sauz-ce,
651 2258 729 2299 alta
747 2257 846 2298 ostia
865 2256 981 2307 D3tis,
