1539 2370
524 96 763 124 GEORGICON
782 97 864 124 LIB.
885 98 934 126 11.

92 193 226 241 Nosse,
246 193 339 244 quot
358 190 458 230 Ionii
477 192 632 230 veniant
651 192 699 229 ad
716 191 830 230 litora
847 191 998 230 fluetus.

141 247 225 285 Nec
244 258 331 283 vero
348 246 458 283 terrae
477 245 572 284 serre
591 257 720 283 omnes
740 245 867 283 omnia
883 248 1054 295 possunt.

89 297 330 338 Fluminibus
349 298 478 336 salices
509 298 715 349 crassisque
732 297 932 349 paludibus
951 298 1028 336 alni

88 351 322 399 Nascuntur,
341 351 486 390 steriles
505 351 645 390 saxosis
663 351 858 389 montibus
878 351 985 398 orni3

88 404 222 444 Litora
239 405 417 456 myrtetis
435 405 654 451 laetissima3
683 404 842 455 denique
861 406 1011 455 apertos

87 457 262 496 Bacchus
281 460 385 495 amat
403 457 526 505 eolles,
547 458 760 509 aquilonem
779 460 819 496 ct
837 457 978 508 frigora
999 457 1090 495 taxi.

87 511 225 562 Aspice
244 513 283 549 et
302 511 480 549 extremis
498 511 688 549 domitum
707 511 914 549 cultoribus
934 511 1076 559 orbem,

87 563 263 615 ansque
281 564 414 602 domus
433 564 616 611 Arabum,
634 564 831 615 pictosque
851 564 1028 602 Gelonos.

87 615 233 655 Divisae
252 617 445 655 arboribus
470 618 627 667 patriae:
657 617 737 654 sola
755 617 868 654 India
886 617 1039 667 nigrum

88 668 182 708 Fert
201 670 384 716 ebenum3
412 670 500 707 solis
518 672 577 708 est
595 669 732 707 thurea
749 670 858 720 virga
883 670 1038 708 Sabaeis.

88 721 189 769 Quid
206 722 279 760 tibi
298 723 454 760 odorato
472 723 631 761 referam
650 723 827 760 sudantia
844 723 949 773 ligno

89 774 351 826 Balsamaque,
371 777 410 813 et
428 775 559 814 baccas
578 788 724 826 semper
742 775 953 813 frondentis
972 775 1121 813 acanthi
1138 773 1157 812 Ρ

87 827 189 874 Quid
205 841 361 866 nemora
378 827 618 879 AEthiopum,
637 828 742 866 molli
761 829 935 866 canentia
952 827 1070 865 lana?

86 879 308 932 Velleraque
325 883 371 918 ub
389 881 487 919 foliis
507 882 709 932 depectant
722 882 853 919 tenuia
871 881 977 918 Seres
992 879 1010 919 P

87 932 170 971 Aut
189 947 281 984 quos
301 933 450 972 Oceano
468 935 620 984 propior
638 934 738 984 gerit
758 933 869 970 India
887 933 1002 980 lucos,

87 985 263 1024 Extremi
282 986 385 1024 sinus
404 987 504 1024 orbis
521 986 539 1025 Ρ
567 986 631 1024 ubi
651 991 737 1024 aera
753 985 901 1024 vincere
920 997 1111 1023 summum

86 1039 244 1077 Arboris
262 1039 366 1077 haud
383 1039 472 1077 ullae
490 1039 595 1090 jactu
612 1041 768 1089 potuere
786 1038 953 1089 sagittae.

87 1090 144 1129 Et
162 1105 255 1142 gens
272 1092 338 1130 illa
355 1092 506 1142 quidem
526 1092 662 1130 sumtis
680 1104 757 1129 non
774 1091 884 1128 tarda
901 1090 1101 1142 pharetris

87 1143 215 1182 Media
231 1145 306 1183 fert
324 1145 455 1182 tristes
473 1157 581 1183 sucos
600 1144 827 1195 tardumque
846 1157 1016 1195 saporem

88 1195 225 1235 Felicis
244 1197 356 1245 mali;
384 1210 459 1248 quo
479 1210 555 1236 non
572 1197 794 1248 praesentius
812 1197 945 1245 ullum,

88 1248 230 1288 Pocula
247 1250 280 1288 si
298 1250 447 1301 quando
466 1263 570 1288 saevae
588 1250 748 1288 infecere
765 1263 945 1297 novercae,

89 1301 417 1354 [Miscueruntque
435 1302 570 1341 herbas
589 1305 629 1340 ei:
646 1316 723 1341 non
741 1302 895 1340 innoxia
906 1301 1050 1352 verba]

86 1355 283 1393 Auxilium
305 1356 420 1402 venit,
439 1368 482 1393 ac
500 1355 678 1392 membris
704 1355 786 1405 agit
805 1357 888 1392 atra
905 1368 1060 1393 venena.

87 1405 179 1458 Ipsa
195 1408 330 1459 ingens
350 1408 470 1454 arbos,
489 1408 696 1458 faciemque
715 1407 906 1445 simillima
924 1407 1050 1455 lau1·0;

86 1459 154 1507 Et,
173 1460 203 1498 si
222 1474 300 1499 non
317 1461 433 1498 alium
451 1460 527 1498 late
540 1461 704 1511 jactaret
722 1460 886 1507 odorem,

88 1512 232 1551 Laurus
251 1515 332 1552 erat
348 1529 356 1560 ;
383 1513 473 1551 folia
489 1513 592 1551 haud
609 1514 694 1551 ullis
713 1513 880 1551 labentia
896 1513 1043 1558 ventis:

85 1564 176 1604 Flos
190 1566 238 1604 ad
255 1567 378 1617 prima
394 1568 531 1613 tenax3
560 1566 703 1603 animas
722 1568 762 1603 et
781 1566 921 1603 olentia
941 1567 1045 1603 Medi

84 1616 162 1656 Ora
178 1619 309 1657 fovent
326 1619 404 1666 illo,
424 1621 463 1657 et
482 1619 632 1657 senibus
651 1619 888 1656 medicantur
907 1619 1062 1656 anhelis.

137 1671 211 1710 Sed
228 1685 349 1723 neque
368 1671 572 1710 Medorum
603 1671 707 1711 silvae
727 1671 914 1709 ditissima
944 1675 1054 1710 terra.

82 1723 125 1762 N
125 1737 166 1762 ec
184 1725 341 1775 pulcher
360 1725 511 1775 Ganges
544 1726 657 1775 atque
677 1738 766 1763 auro
785 1725 961 1762 tiu-bidus
981 1725 1149 1763 Hermus

82 1775 276 1816 Laudibus
295 1777 418 1815 Italiae
437 1780 606 1823 eertent;
633 1791 710 1816 non
729 1777 881 1824 Bactra,
896 1791 1016 1828 neque
1037 1778 1136 1825 Indi,

82 1828 255 1881 Totaque
272 1830 466 1868 thuriferis
487 1830 678 1868 Panchaia
694 1830 846 1881 pinguis
866 1832 999 1869 arenis.

81 1880 181 1920 Haec
198 1883 281 1921 loca
297 1896 374 1922 non
391 1882 493 1920 tauri
511 1883 696 1933 spirantes
714 1883 867 1921 naribus
886 1883 1015 1934 ignem

81 1932 289 1983 Invertere,
309 1936 400 1974 satis
419 1936 595 1974 immanis
615 1936 791 1974 dentibus
810 1935 923 1986 hydri
940 1953 948 1983 3

80 1985 164 2024 Nec
182 1987 300 2037 galeis
319 1988 516 2039 densisque
534 1989 659 2026 virum
678 2002 783 2038 seges
801 1988 951 2026 horruit
971 1989 1089 2026 hastis
1105 2006 1111 2025 ι

81 2038 154 2078 Sed
172 2040 335 2089 gravidae
353 2041 480 2091 fruges
498 2043 538 2079 et
557 2041 700 2079 Bacchi
719 2041 906 2079 Massicus
925 2042 1061 2078 humor

80 2090 312 2142 Implevere3
338 2094 473 2131 tenent
490 2094 582 2132 oleoe
602 2097 846 2145 armentaque
863 2094 966 2131 lze'ca.

79 2143 185 2182 Hine
204 2145 363 2184 bellator
381 2158 497 2195 equus
516 2159 649 2198 campo
668 2160 747 2185 sese
766 2147 904 2184 arduus
923 2143 1062 2191 infert;

78 2195 185 2236 Hine
203 2197 289 2246 albi,
309 2197 512 2246 Chtnmne,
529 2211 676 2250 greges,
695 2202 734 2238 et
753 2199 917 2237 maxima
934 2201 1065 2237 taurus

79 2248 257 2302 Victima,
277 2263 377 2304 soepc
394 2253 464 2290 tuo
482 2252 622 2303 perfusi
640 2251 795 2291 flumine
813 2264 929 2301 sacro,

1279 301 1355 341 110

1278 564 1354 603 115

1279 827 1354 866 120

1278 1089 1353 1128 125

1275 1353 1353 1392 130

1274 1618 1349 1657 135

1271 1884 1346 1922 140

1266 2145 1341 2184 145
