1539 2370
544 78 762 110 BUCOLIOA.
818 81 906 111 ECL.
926 81 964 109 V.

123 176 303 214 Instituit
320 192 328 221 ;
357 174 531 225 Daphnis
550 175 696 214 thiasos
716 175 893 214 inducere
913 176 1068 226 Bacchi,
1331 179 1385 218 30

124 229 178 267 Et
197 228 295 267 foliis
313 228 436 266 lentas
455 228 623 267 intexere
642 229 819 268 mollibus
838 230 979 268 hastas.

123 281 224 319 Vitis
242 283 288 319 ut
307 281 500 319 arboribus
520 281 644 319 decori
663 285 732 328 est,
752 285 798 320 ut
816 283 958 320 vitibus
979 295 1072 329 uvm,

124 334 182 372 Ut
199 334 377 385 gregibus
396 335 508 379 tauri,
529 337 674 385 segetes
694 338 738 372 ut
758 336 962 386 pinguibus
982 336 1102 373 arvis:

123 387 183 424 Tu
202 387 314 425 decus
334 400 445 425 omne
463 387 554 424 tuis.
610 388 821 438 Postquam
839 392 879 426 te
898 389 976 426 fata
994 388 1180 435 tulerunt,

124 439 214 490 Ipsa
233 440 342 477 Pales
361 453 471 490 agros
490 443 604 490 atque
623 441 701 490 ipse
721 442 873 491 reliquit
893 442 1041 491 Apollo.
1333 441 1384 478 35

125 493 292 530 Grandia
310 506 406 543 saepe
426 493 561 543 quibus
580 494 843 531 mandavimus
862 494 1003 532 hordea
1022 493 1147 542 sulciS,

125 544 263 583 Infelix
280 546 412 583 lolium
432 548 471 583 et
490 547 635 584 steriles
655 550 863 585 nascuntur
882 560 1031 594 avenae3

125 597 200 636 Pro
217 598 324 637 molli
342 598 452 644 viola,
471 612 539 649 pro
557 613 744 650 purpureo
764 600 928 637 narcisso

124 650 295 689 carduus
314 654 353 689 et
373 651 489 702 spinis
509 653 634 702 surgit
652 653 819 702 paliurus
839 653 972 690 acutis.

123 704 298 755 Spargite
316 704 477 741 humum
496 705 606 750 foliis,
625 705 793 743 inducite
813 705 983 742 fontibus
1002 704 1167 752 umbras,
1330 706 1383 742 40

124 755 314 802 Pastores3
331 758 488 794 mandat
508 758 587 795 fieri
607 758 677 795 sibi
696 758 789 795 talia
807 758 1003 808 Daphnis3

123 809 178 847 Et
196 810 389 847 tumulum
407 810 530 856 facite,
551 813 591 849 et
609 811 759 848 tumulo
779 811 1018 861 superaddite
1038 823 1187 848 carmen
1203 825 1210 847 :

123 861 297 912 Daphnis
316 876 386 913 ego
405 863 445 900 in
464 863 579 910 silvis,
599 863 688 901 hinc
706 877 824 914 usque
843 864 890 901 ad
909 863 1031 901 sidera
1048 865 1175 911 notus,

123 913 296 953 Formosi
314 916 458 965 pecoris
477 918 616 961 custos,
636 916 835 954 formosior
853 917 944 965 ipse.

174 967 289 1005 ΜΕΝ.
318 968 408 1006 Tale
427 971 539 1005 tuum
559 982 707 1006 carmen
726 969 847 1014 nobis,
867 969 993 1006 divine
1011 970 1138 1018 poeta,
1329 969 1381 1005 40

120 1019 239 1066 Quale
258 1034 369 1071 sopor
386 1021 492 1058 fessis
512 1022 550 1058 in
569 1022 750 1071 gramine,
771 1021 879 1070 quale
898 1034 964 1070 per
983 1023 1119 1058 aestum

119 1072 255 1111 Dulcis
273 1087 378 1123 aquae
398 1074 554 1111 saliente
573 1074 678 1110 sitim
697 1073 932 1123 restinguere
948 1073 1052 1118 riv03

119 1124 161 1162 Ν
162 1138 203 1163 ec
222 1125 374 1163 calamis
394 1126 515 1164 solum
534 1127 750 1176 aequiparas,
771 1127 836 1163 sed
854 1139 945 1164 voce
963 1126 1203 1176 magistrum.

119 1177 333 1217 Fortunate
352 1192 454 1229 puer,
473 1181 520 1216 tu
538 1193 639 1216 nunc
658 1179 730 1216 cris
750 1179 845 1216 alter
863 1179 910 1216 ab
928 1179 1004 1216 illo.

118 1229 203 1268 Nos
221 1233 351 1269 tamen
371 1231 450 1269 haeo
470 1245 706 1282 quocumque
724 1232 837 1269 modo
855 1231 928 1268 tibi
947 1233 1079 1269 nostra
1096 1228 1260 1267 vicissim
1329 1231 1380 1267 50

118 1282 312 1330 Dicemus,
332 1284 605 1334 Daphnimque
621 1288 729 1321 tuum
738 1284 916 1321 tollemus
935 1285 983 1321 ad
1001 1286 1124 1329 astra3

118 1335 301 1386 Daphnin
322 1337 369 1374 ad
388 1339 491 1374 astra
509 1338 691 1374 feremus:
721 1336 863 1373 amavit
882 1349 950 1373 nos
971 1349 1118 1386 quoque
1139 1334 1313 1384 Daphnis

171 1389 277 1427 Mor.
313 1390 375 1425 An
395 1389 600 1438 quidquam
619 1389 727 1426 nobis
746 1389 815 1425 tali
834 1388 884 1425 sit
904 1401 1057 1425 munere
1077 1387 1229 1438 majus?

118 1440 175 1479 Et
193 1455 286 1491 puer
303 1442 382 1492 ipse
401 1442 475 1479 fuit
495 1441 639 1478 cantari
659 1441 807 1490 dignus,
827 1443 866 1478 et
885 1441 961 1478 ista

118 1493 148 1532 J
149 1507 210 1532 am
229 1494 375 1544 pridem
395 1494 579 1531 Stimicon
598 1493 768 1531 laudavit
788 1494 954 1530 carmina
972 1493 1091 1530 nobis.

172 1546 286 1584 ΜΕΝ.
317 1547 510 1584 Candidus
529 1547 722 1584 insuetum
741 1547 902 1583 miratur
920 1546 1034 1582 limcn
1055 1544 1209 1595 Olympi

119 1599 198 1637 Sub
216 1600 446 1650 pedibusque
465 1599 570 1637 videt
589 1600 707 1637 nubes
727 1601 766 1635 et
786 1599 907 1636 sidera
926 1598 1113 1648 Daphnis.

119 1652 225 1703 Ergo
245 1652 376 1690 alacris
395 1652 507 1689 silvas
527 1654 566 1690 et
586 1654 710 1690 cetera
727 1665 816 1689 rura
833 1651 1008 1701 voluptas

119 1703 299 1755 Panaque
318 1707 560 1755 pastoresque
579 1707 687 1742 tenet
706 1704 954 1755 Dryadasque
973 1702 1138 1753 puellas:

118 1757 161 1796 N
162 1770 203 1796 ec
221 1757 332 1808 lupus
351 1758 505 1795 insidias
524 1758 660 1807 pecori,
679 1770 747 1795 nec
765 1757 862 1795 retia
880 1757 998 1794 cervis
1329 1754 1382 1791 60

118 1808 207 1848 Ulla
228 1810 358 1848 dolum
375 1811 631 1856 meditantur3
659 1812 764 1848 amat
781 1810 904 1847 bonus
922 1809 1002 1847 otia
1020 1805 1208 1859 Daphnis.

121 1862 202 1913 Ipsi
219 1863 355 1901 laetitia
372 1876 482 1901 voces
501 1863 549 1901 ad.
568 1863 689 1901 sidera
700 1863 852 1913 jactant

120 1914 273 1954 Intonsi
291 1917 463 1962 montes3
490 1916 580 1966 ipsae
592 1916 674 1966 jam
693 1916 859 1953 carmina
876 1927 999 1965 rupes,

121 1966 212 2017 Ipsa
228 1971 365 2006 sonant
385 1969 559 2007 arbusta:
589 1972 610 1987 “
623 1969 726 2015 deus,
746 1968 836 2005 deus
855 1967 929 2014 ille,
950 1963 1164 2004 Menalca.·‘

120 2019 180 2058 Sis
198 2020 319 2059 bonus
338 2034 360 2059 o
378 2021 540 2072 felixque
558 2021 657 2059 tuis!
687 2034 732 2059 en
754 2023 916 2071 quatuor
933 2033 1014 2058 aras
1029 2036 1036 2056 :
1327 2015 1378 2053 65

121 2073 223 2111 Eece
241 2073 333 2111 duas
351 2074 436 2120 tibi,
455 2073 622 2124 Daphni,
642 2074 734 2111 duas
754 2073 886 2111 altaria
904 2072 1063 2110 Phoebo.

121 2125 266 2164 Pocula
281 2126 372 2163 bina
388 2139 487 2165 novo
506 2127 724 2177 spuma-ntia
741 2126 840 2164 lacte
859 2124 1073 2175 quotannis,

122 2177 370 2229 Craterasque
388 2179 463 2216 dno
481 2181 650 2217 statuam
667 2179 740 2217 tibi
759 2178 909 2228 pinguis
929 2176 1040 2222 olivi3

121 2230 179 2282 Et
196 2231 318 2270 multo
336 2231 376 2269 in
393 2231 526 2282 primis
543 2232 708 2272 hilarans
728 2230 899 2271 convivia
917 2228 1081 2277 Baccho,

1327 1494 1350 1529 cn

1355 1493 1377 1528 ΕΛ
