1544 2400
551 84 586 110 1¹.
606 82 793 111 VIBGILII
821 81 1012 110 MARONIS

146 176 287 215 Debita
305 190 419 228 quam
438 178 550 216 sulcis
571 178 790 217 committas
810 178 964 224 semina,
984 189 1173 228 quamque

144 229 287 268 lnvitae
307 244 482 282 properes
501 232 589 269 anni
609 245 715 282 spem
733 231 882 270 credere
900 233 1026 269 terrae.

144 282 265 321 Multi
283 285 373 322 ante
392 297 566 322 occasum
586 285 700 322 Maiae
720 297 887 335 coepere;
924 283 990 322 sed
1007 283 1091 321 illos

104 367 106 369 ,
145 336 360 387 Expectata
379 350 485 388 seges
504 338 611 375 vanis
631 337 745 376 clusit
763 337 901 375 aristis,

145 389 185 426 Si
202 402 291 427 vero
309 389 520 441 viciamque
540 404 638 429 seres
656 390 844 440 vilemque
863 389 1033 433 faselum,

143 441 185 479 N
187 455 228 480 ec
248 442 450 480 Pelusiacae
471 457 599 481 curam
619 444 863 494 aspernabere
881 442 1007 486 lentis,

145 494 264 532 Haud
282 495 440 533 obscura
458 497 594 535 cadens
613 497 746 535 mittet
765 497 838 534 tibi
857 497 966 547 signa
984 495 1150 542 Bootcs;

145 546 288 598 Incipe,
308 551 348 586 et
366 549 414 586 ad
433 549 575 588 medias
594 551 804 588 sementem
822 549 983 587 extende
1008 549 1173 599 pruinas,

199 600 348 640 Idcirco
368 602 480 640 certis
500 603 715 641 dimensum
733 602 906 653 partibus
925 602 1055 640 orbem

146 652 221 692 Per
239 654 413 693 duodena
430 655 530 706 regit
549 656 683 693 mundi
702 655 767 693 Sol
785 668 920 694 aureus
939 656 1052 692 astra.

147 706 322 758 Quinque
340 710 476 746 tenent
495 709 632 746 coelum
652 721 757 747 zonae
772 726 779 746 :
810 721 970 759 quarum
988 720 1066 745 una
1083 719 1237 746 corusco

146 760 303 810 Semper
321 760 398 799 sole
416 761 614 806 ruben8‚et
632 761 778 800 torrida
797 775 943 811 semper
963 761 1010 798 ab
1028 761 1131 810 igni3

146 812 271 859 Quam
289 812 431 851 circum
450 816 626 852 cxtremae
646 815 780 852 dextra
796 814 967 864 laevaque
985 814 1205 859 trahuntur,

147 864 316 903 caerulea
332 866 452 917 glacie
471 869 659 905 concretae
680 870 794 918 atque
811 867 997 904 imbribus
1016 866 1133 906 atris:

147 917 232 956 Has
250 918 352 957 inter
369 919 608 970 mediamque
627 920 710 958 duae
728 919 952 957 mortalibus
972 919 1081 970 aegris

147 970 309 1010 Munere
328 984 514 1011 concessae
534 973 688 1020 divum;
724 972 787 1010 via
805 974 909 1010 secta
925 986 992 1023 per
1010 972 1151 1018 ambas,

147 1023 334 1075 Obliquus
353 1038 428 1076 qua
446 1039 485 1064 se
505 1026 702 1077 signorum
721 1027 888 1064 verteret
908 1025 1011 1063 ordo.

148 1076 331 1124 Mundus,
350 1080 396 1116 ut
414 1078 462 1115 ad
481 1078 682 1129 Scythiam
701 1078 954 1128 Rhipaeasque
973 1077 1112 1115 arduus
1131 1089 1231 1115 arces

148 1129 367 1181 Consurgit,
386 1131 573 1181 premitur
592 1131 728 1182 Libyae
749 1131 912 1169 devexus
930 1131 970 1168 in
990 1133 1151 1174 austros.

147 1181 227 1221 Hic
245 1186 378 1222 vertex
395 1184 504 1222 nobis
524 1197 670 1235 semper
689 1184 885 1230 sublimis3
913 1186 954 1221 at
973 1183 1081 1221 illum

149 1235 228 1273 Sub
246 1236 404 1286 pedibus
424 1237 523 1287 Styx
543 1239 627 1275 atra
644 1237 749 1275 videt
769 1236 979 1287 Manesque
998 1235 1187 1287 profundi.

149 1288 342 1327 Maximus
361 1289 423 1327 hic
442 1290 542 1328 flexu
560 1290 712 1329 sinuoso
732 1290 894 1328 elabitur
913 1290 1047 1340 anguis

150 1341 303 1380 Circum
321 1355 460 1393 perque
480 1343 572 1381 duas
591 1343 632 1381 in
651 1356 796 1382 morem
814 1342 981 1380 fluminis
1001 1342 1152 1390 Arctos,

151 1395 288 1433 Arctos
307 1396 437 1434 oceani
455 1398 671 1434 metuentes
692 1409 841 1446 aequore
859 1395 974 1446 tingi.

152 1447 248 1495 Illic,
267 1450 313 1486 ut
332 1449 544 1499 perhibent,
564 1452 632 1487 aut
650 1450 881 1500 intempesta
899 1449 986 1487 silet
1003 1461 1091 1495 nox,

151 1501 306 1551 Semper
324 1504 364 1539 et
383 1502 544 1540 obtenta
562 1503 770 1540 densantur
789 1504 901 1540 nocte
920 1501 1112 1539 tenebrae:

150 1554 233 1591 Aut
251 1554 351 1592 redit
369 1568 393 1592 a
410 1555 519 1593 nobis
538 1556 698 1602 Aurora,
718 1555 892 1605 diemque
911 1554 1080 1599 reducit3

151 1606 309 1657 Nosque
328 1607 393 1645 ubi
411 1608 556 1658 primus
576 1608 680 1659 equis
701 1607 835 1646 Oriens
854 1607 996 1645 afflavit
1015 1605 1176 1653 anhelis,

151 1659 238 1697 Illic
257 1673 339 1698 sera
356 1661 495 1698 rubens
514 1661 686 1699 accendit
704 1660 851 1698 lumina
868 1660 1023 1710 Vesper.

151 1711 258 1750 Hinc
276 1714 525 1762 tempestates
545 1714 659 1751 dubio
680 1713 901 1764 praediscere
920 1713 1014 1751 eoelo

153 1763 373 1812 Possumus,
393 1766 483 1804 hinc
502 1766 708 1816 messisque
728 1766 828 1804 diem
847 1768 1074 1816 tempusque
1092 1761 1253 1811 serendi,

153 1817 209 1855 Et
227 1819 377 1868 quando
395 1818 556 1857 infidum
575 1819 688 1857 remis
707 1818 896 1869 impellere
915 1830 1081 1856 marmor

153 1869 378 1914 Conveniat,
417 1872 567 1921 quando
587 1874 751 1909 armatas
771 1872 952 1909 deducere
971 1870 1118 1917 classes,

155 1923 238 1961 Aut
256 1924 525 1974 tempestivam
545 1924 650 1962 silvis
670 1927 837 1962 evertere
856 1924 1002 1975 pinum.

205 1976 289 2014 Nec
307 1977 449 2015 frustra
467 1977 662 2028 signorum
682 1977 809 2015 obitus
829 1976 1065 2026 speculamur
1083 1976 1123 2013 et
1142 1975 1260 2024 ortus,

155 2028 478 2080 Temporibusque
497 2043 625 2080 parem
645 2029 801 2068 diversis
821 2032 984 2080 quatuor
1003 2040 1157 2066 annum.

158 2082 335 2130 Frigidus
354 2082 558 2133 agricolam
576 2082 608 2121 si
627 2082 778 2134 quando
796 2082 969 2121 continet
987 2081 1118 2128 imber,

156 2134 296 2181 Multa,
316 2136 441 2174 forent
460 2149 541 2186 quce
561 2149 649 2174 mox
668 2135 762 2174 coelo
784 2134 1019 2187 properanda
1036 2147 1178 2183 sereno,

157 2186 353 2227 Maturare
372 2189 506 2235 datm-3
535 2188 671 2227 dtu-um
690 2188 865 2240 procudit
884 2191 1010 2226 arator

156 2238 328 2278 vomeris
348 2242 474 2280 obtusi
494 2242 670 2292 ‹lentcn13
698 2244 808 2280 cavat
827 2242 956 2281 arbore
976 2241 1130 2290 lintresj

1334 282 1412 320 225

1335 548 1414 586 230

1339 1602 1420 1643 250

1340 2132 1421 2175 260
