1544 2400
557 77 592 104 1³.
613 75 800 104 VIRGILII
820 72 1010 105 MARONIS

149 170 327 221 Victoris,
345 172 444 219 tum,
463 185 557 223 quos
576 172 705 210 amisit
723 171 881 218 inultus,
900 184 1057 218 amores,

146 223 204 263 Et
222 225 372 264 stabula
388 227 585 276 aspectans
604 225 731 275 regnis
750 224 910 263 excessit
929 224 1053 263 avitis.

146 276 253 328 Ergo
272 277 378 318 omni
396 291 485 317 eura
502 278 600 316 vires
619 280 778 325 exercet,
798 279 838 316 et
856 277 957 316 inter

150 329 261 370 Dura
272 330 376 381 jacet
393 344 536 383 pernox
554 331 718 370 instrato
737 343 827 368 saxa.
844 330 970 377 cubili,
1342 327 1420 366 230

146 382 363 424 Frondibus
379 383 539 423 hirsutis
558 386 597 422 et
616 384 734 422 carice
752 385 884 434 pastus
903 385 1037 430 aeuta3

147 436 204 476 Et
221 439 352 476 tentat
370 450 460 485 sese,
481 439 595 488 atque
613 437 723 475 irasci
740 437 782 474 in
801 449 941 474 cornua
958 435 1083 483 discit,

146 490 304 528 Arboris
324 491 483 528 obnixus
501 492 650 537 trunco,
669 491 879 539 ventosque
897 489 1049 528 lacessit

146 542 307 589 Ictibus,
326 545 366 581 et
385 556 514 595 sparsa
532 543 579 581 ad
595 556 766 593 pugnam
784 542 953 593 proludit
972 554 1095 580 arena.

149 594 257 644 Post,
275 596 342 634 ubi
361 597 561 635 collectum
580 596 696 634 robur
714 596 885 646 viresque
903 595 1065 642 refectae,
1342 594 1417 631 235

146 648 265 699 Signa
281 652 423 698 movet,
441 662 680 700 praecepsque
700 648 862 686 oblitum
880 647 1002 686 fertur
1022 647 1062 685 in
1081 646 1232 685 hostem
1248 662 1255 683 :

147 701 308 742 Fluctus
327 702 387 741 uti
404 702 529 740 medio
549 702 664 753 coepit
679 715 797 752 quum
817 701 1003 739 albescere
1020 702 1153 751 ponto,

147 754 319 805 Longius
338 768 383 793 ex
403 754 553 806 altoque
573 754 699 793 sinum
717 754 839 792 trahit
855 770 863 801 ;
892 755 1012 803 utque
1042 752 1196 791 volutus

146 807 210 846 Ad
227 810 348 846 terras
376 808 542 846 immane
561 810 671 846 sonat
690 820 755 858 per
774 819 873 854 saxa,
891 814 1013 856 n‘eque
1031 806 1113 857 ipso

147 860 286 898 Monte
304 861 429 898 minor
449 861 688 911 procumbit3
717 862 757 897 at
775 860 853 897 ima
870 861 1058 898 exaestuat
1076 858 1181 897 unda
1340 858 1418 896 240

146 912 374 961 Vorticibus,
393 913 616 965 nigramque
635 912 711 950 alte
730 913 918 963 subjectat
936 924 1100 950 arenam.

200 965 323 1004 Omne
341 967 433 1005 adeo
452 980 571 1018 genus
590 966 629 1003 in
647 965 759 1003 terris
777 965 1050 1015 hominumque
1069 965 1319 1015 ferarumque,

148 1019 205 1057 Et
223 1032 343 1070 genus
361 1032 590 1070 aequoreum,
609 1019 780 1070 pecudes,
800 1018 986 1069 pietaeque
1004 1017 1188 1065 volucreS,

148 1071 198 1110 In
217 1072 332 1111 furias
350 1072 553 1124 ignemque
571 1074 689 1109 ruunt
706 1088 714 1118 ;
743 1084 847 1109 amor
866 1070 1042 1109 omnibus
1061 1071 1174 1110 idem.

148 1124 334 1176 Tempore
352 1139 429 1163 non
449 1125 521 1164 alio
541 1125 752 1163 catulorum
772 1124 891 1162 oblita
908 1123 1029 1161 leaena
1341 1123 1417 1160 245

148 1178 291 1217 Saevior
308 1179 448 1217 erravit
467 1178 630 1228 campis3
657 1190 727 1216 nee
745 1177 876 1215 funera
894 1176 1011 1226 vulgo

149 1231 246 1270 Tam
265 1231 389 1270 multa
405 1231 585 1270 informes
604 1230 683 1268 ursi
701 1232 942 1281 stragemque
961 1228 1096 1268 dedere

149 1283 224 1322 Per
242 1284 375 1322 silvas:
403 1286 489 1322 tum
509 1297 630 1321 saevus
650 1296 748 1334 aper,
767 1285 853 1320 tum
871 1282 1033 1333 pessima
1051 1282 1186 1332 tigris3

149 1336 238 1374 Heu
255 1337 263 1375 !
291 1337 389 1375 male
407 1339 493 1374 tum
513 1336 646 1387 Libyae
660 1336 748 1374 solis
767 1338 914 1374 erratur
927 1335 966 1372 in
986 1334 1098 1385 agris.

148 1389 287 1428 Nonne
305 1390 421 1436 vides,
441 1393 486 1428 ut
505 1392 590 1428 tota
607 1393 751 1427 tremor
768 1390 966 1439 pertentet
984 1400 1165 1439 equorum
1341 1387 1418 1424 250

148 1442 324 1494 Corpora,
340 1443 371 1481 si
389 1445 544 1481 tantum
563 1445 673 1480 notas
693 1442 784 1480 odor
803 1441 937 1480 attulit
956 1440 1097 1478 auras?

149 1496 205 1533 Ae
223 1509 344 1546 neque
363 1509 425 1534 eos
438 1496 519 1546 jam
538 1496 644 1534 frena
662 1495 797 1540 virum,
816 1507 937 1544 neque
956 1493 1110 1532 verbera
1129 1505 1242 1538 saeva,

148 1547 240 1586 Non
259 1549 401 1600 scopuli
421 1562 604 1600 rupesque
624 1561 737 1592 eavae,
761 1550 875 1597 atque
895 1546 1043 1596 objecta
1063 1545 1259 1583 retardant

149 1600 338 1650 Flumina,
353 1604 544 1652 correptos
563 1601 665 1639 unda
682 1600 901 1650 torquentia
918 1601 1079 1637 montes.

150 1653 237 1702 Ipse
255 1654 333 1692 ruit
352 1655 557 1704 dentesque
577 1654 782 1692 Sabellicus
801 1651 950 1691 exacuit
969 1665 1043 1699 sus,

149 1705 204 1744 Et
222 1707 315 1756 pede
333 1708 547 1758 prosubigit
564 1709 718 1752 terram,
737 1706 848 1743 fricat
866 1705 997 1743 arbore
1015 1707 1150 1750 costas,

149 1759 277 1808 Atque
295 1759 384 1797 hine
403 1762 517 1810 atque
535 1759 637 1796 illine
656 1759 833 1796 humeros
853 1757 902 1794 ad
923 1755 1076 1794 vulnera
1099 1755 1226 1792 durat.

149 1811 248 1858 Quid
261 1811 424 1861 juveni-³,
444 1825 626 1863 magnum
646 1811 706 1849 eui
725 1813 850 1849 versat
868 1810 908 1847 in
927 1809 1072 1847 ossibus
1092 1809 1219 1856 ignem

148 1864 278 1902 Durus
297 1865 432 1903 amor?
466 1865 615 1915 Nempe
635 1863 804 1914 abruptis
823 1863 978 1900 turbata
996 1861 1166 1912 procellis

147 1916 274 1956 Nocte
293 1920 402 1956 natat
422 1931 519 1956 eaeea
539 1931 641 1955 serus
662 1918 779 1961 sretzu
807 1929 918 1965 quem
938 1927 1049 1964 super
1067 1914 1202 1963 ingens
1337 1913 1415 1951 260

149 1969 267 2008 Porta
285 1973 395 2009 tonat
415 1971 510 2015 cossi,
530 1973 569 2008 et
588 1969 749 2019 seopulis
768 1968 865 2006 illisa
883 1967 1091 2006 reclamant

149 2023 336 2073 ,Vlssquorzn
364 2037 433 2062 nee
452 2022 576 2061 miseri
596 2024 755 2073 possunt
773 2033 945 2058 revocare
965 2022 1149 2069 parentes,

147 2075 229 2112 Nee
249 2076 434 2115 moritura
450 2089 561 2127 super
579 2074 719 2113 erudeli
738 2074 866 2111 sunere
885 2073 1004 2123 virgo.

148 2129 246 2174 Quid
266 2129 394 2178 lynces
414 2128 554 2167 Bacchi
574 2127 698 2174 varim,
717 2129 757 2165 et
775 2139 894 2177 genus
914 2139 996 2163 nere
1015 2125 1189 2177 luporum

146 2182 274 2230 Atque
294 2183 462 2221 canum?
491 2180 592 2231 quid,
612 2193 695 2232 quoe
714 2178 882 2218 imbelles
902 2179 995 2215 (lant
1014 2177 1147 2230 proelia
1165 2175 1298 2215 cervi?
1334 2176 1409 2215 205

198 2233 350 2272 Scilicet
366 2238 454 2273 unte
473 2247 602 2273 omncs
622 2234 724 2272 furor
743 2235 800 2270 est
820 2232 978 2283 insignis
997 2243 1175 2283 equarum
1190 2246 1199 2278 ;

1338 1650 1360 1686 Ιῦ

1366 1651 1388 1687 C!

1393 1651 1415 1686 C!
