1544 2400
516 99 552 127 1³.
572 97 761 127 VIBGILII
779 97 982 126 MAnoms.

100 198 319 248 Praecipites
337 196 416 234 alta
433 195 553 234 vitam
572 195 644 233 sub
662 194 763 232 nube
780 193 1015 243 relinquunt,

99 252 289 289 Praeterea
301 250 382 300 jam
400 262 469 288 nec
488 248 630 287 mutari
649 246 789 298 pabula
805 247 932 293 refert,

97 304 356 353 Quaesitaeque
373 305 514 340 nocent
533 304 633 339 artes
650 317 659 348 ;
687 313 829 338 cessere
847 299 1035 349 magistri,

98 357 327 408 Phillyrides
347 354 489 393 Chiron
509 353 871 405 Amythaoniusque
890 352 1116 402 Melampus.
1305 351 1388 390 550

97 410 217 448 Saevit
247 412 287 448 et
306 409 346 446 in
364 409 489 446 lucem
509 407 658 458 Stygiis
678 406 815 444 emissa.
832 405 1000 443 tenebris

96 462 244 501 Pallida
261 461 468 512 Tisiphone
487 461 638 498 morbos
658 459 740 510 agit
758 460 848 497 ante
866 461 1101 507 metumque,

96 516 220 566 Inque
239 516 317 553 dies
337 514 492 552 avidum
511 526 671 564 surgens
686 514 802 563 caput
820 511 935 549 altius
955 511 1076 549 effert.

97 568 240 607 Balatu
257 580 437 619 pecorum
455 569 496 605 et
514 566 653 604 crebris
671 565 886 616 mugitibus
905 577 1035 602 amnes

97 623 334 672 Arentesque
352 622 492 659 sonant
509 620 605 670 ripae
623 619 809 668 collesque
830 616 968 667 supini.
1304 614 1383 653 655

96 675 262 725 Jamque
281 674 505 712 catervatim
524 673 592 710 dat
610 675 790 722 stragem,
810 672 925 720 atque
944 669 1103 721 aggerat
1120 666 1213 718 ipsis

95 728 145 766 In
165 727 325 766 stabulis
343 726 450 776 turpi
469 725 614 776 dilapsa
631 725 811 763 cadavera
829 723 932 769 tabo,

96 781 227 820 Donec
246 781 365 818 humo
383 782 513 830 tegere
532 792 575 816 ae
593 777 711 816 foveis
730 775 957 814 abscondere
976 774 1142 813 discunt.

95 833 201 872 Nam
219 846 341 883 neque
360 836 442 870 erat
459 831 570 870 coriis
588 844 703 877 usus3
730 842 798 868 nec
817 829 961 866 viscera
978 828 1178 878 quisquam

95 887 179 925 Aut
198 886 310 924 undis
329 884 476 923 abolere
493 886 622 935 potest
640 885 709 920 aut
726 883 875 920 vincere
893 881 1068 919 flamma:
1303 878 1384 918 560

95 939 179 978 Nec
197 938 355 978 tondere
375 937 528 988 quidem
546 937 678 974 morbo
695 935 900 985 illuvieque
917 946 1047 984 peresa

95 993 255 1040 Vellera,
274 1005 343 1030 nec
361 991 457 1029 telas
476 991 638 1041 possunt
657 988 847 1039 attingere
864 990 1010 1038 putres.

95 1045 241 1084 Verum
259 1045 388 1090 etiam,
406 1043 548 1081 invisos
567 1043 599 1080 si
619 1042 702 1091 quis
721 1043 894 1079 tentarat
912 1039 1088 1086 amictus,

97 1099 287 1136 Ardentes
306 1096 456 1148 papulae
475 1098 590 1145 atque
608 1094 829 1132 immundus
848 1092 990 1131 olentia
1007 1092 1123 1130 sudor

98 1152 271 1191 Membra.
289 1150 529 1201 sequebatur,
548 1161 616 1186 nee
635 1147 750 1198 longo
770 1146 904 1184 deinde
922 1144 1089 1183 moranti
1300 1143 1379 1183 565

97 1204 282 1257 Tempore
301 1204 496 1243 contactos
515 1203 620 1240 ast-,us
640 1213 742 1238 sacer
760 1199 859 1249 ignis
878 1197 1026 1237 edebat.
