1539 2370
454 394 496 439 P.
523 393 746 440 VIRGILII
771 393 1001 439 MARONIS

374 534 1079 618 GEORGIGON

538 679 671 710 LIBER
693 678 908 716 QUARTUS.

147 899 368 940 PROTENUS
388 901 478 940 ae‘rii
495 901 618 940 mellis
638 901 804 940 eoelestia
821 902 921 940 dona

93 953 312 1004 Exsequar:
340 954 438 992 hane
457 955 585 1001 etiam,
605 955 802 1001 Maecenas,
821 955 944 1005 aspice
962 955 1121 1005 partem.

93 1006 327 1044 Admiranda
343 1007 416 1045 tibi
433 1007 575 1044 levium
594 1007 808 1057 spectacula.
825 1020 962 1054 rerum,

92 1058 430 1110 Magnanimosque
449 1060 573 1107 duces,
592 1061 788 1110 totiusque
807 1060 936 1098 ordine
955 1060 1081 1111 gentis

92 1111 229 1159 Mores,
248 1115 288 1150 et
305 1113 443 1160 studia,
463 1115 502 1150 et
520 1112 690 1163 populos,
709 1115 749 1151 et
768 1113 900 1162 proelia
918 1113 1051 1151 dicam.

93 1163 140 1203 In
161 1165 270 1203 tenui
287 1165 414 1212 labor3
442 1168 482 1203 at
501 1166 627 1203 tenuis
646 1178 723 1203 non
742 1166 874 1216 gloria,
894 1165 925 1203 si
945 1179 1058 1215 quem

93 1216 267 1256 Numina
284 1217 381 1256 laeva
398 1218 542 1264 sinunt,
563 1218 743 1268 auditque
762 1221 919 1256 vocatus
939 1218 1089 1268 Apollo.

146 1269 337 1321 Principio
356 1271 460 1308 sedes
479 1271 612 1321 apibus
635 1270 826 1320 statioque
843 1271 1016 1322 petenda,

93 1321 178 1368 Quo
196 1336 318 1372 neque
337 1323 388 1361 sit
405 1324 529 1361 ventis
548 1323 686 1370 aditus,
709 1323 816 1372 (nam
834 1323 973 1373 pabula
989 1323 1096 1361 venti

93 1373 209 1413 Ferre
228 1375 383 1413 domum
401 1375 623 1425 prohibent)
645 1388 766 1424 neque
785 1388 872 1412 oves
891 1375 1066 1425 haedique
1084 1369 1226 1426 petulci

94 1426 271 1465 Floribus
289 1427 486 1474 insultent,
506 1429 573 1465 aut
591 1440 718 1465 errans
736 1427 874 1465 bucula
892 1441 1024 1478 campo

95 1479 278 1518 Decutiat
296 1493 430 1527 rorem,
450 1482 489 1518 et
507 1483 705 1530 surgentes
724 1482 867 1518 atterat
885 1481 1031 1518 herbas.

95 1532 237 1570 Absint
255 1534 295 1570 et
313 1533 406 1583 picti
425 1532 636 1583 squalentia
652 1535 763 1583 terga
780 1533 912 1571 lacerti

94 1583 306 1636 Pingm'bus
324 1598 347 1623 a
364 1585 534 1633 stabulis,
553 1598 807 1636 meropesque,
826 1586 983 1636 aliae-que
1001 1585 1182 1633 volucres

93 1636 150 1674 Et
168 1638 341 1676 manibus
360 1637 506 1676 Procne
524 1640 656 1688 pectus
675 1639 826 1688 signata
844 1639 1026 1686 cruentis;

94 1689 233 1728 Omnia
250 1704 339 1728 nam
356 1691 433 1729 late
451 1693 616 1736 vastant,
635 1691 808 1741 ipsasque
825 1691 996 1730 volantes

95 1741 169 1780 Ore
186 1743 314 1781 serunt
333 1743 480 1781 dulcem
498 1743 596 1781 nidis
615 1743 827 1782 immitibus
845 1757 979 1782 escam.

94 1795 151 1832 At
168 1794 300 1845 liquidi
318 1795 442 1834 sontes
460 1798 500 1834 et
518 1798 655 1847 stagna
672 1796 835 1834 virentia
851 1809 981 1834 musco

94 1846 248 1895 Adsint,
266 1850 306 1886 et
323 1849 450 1887 tenuis
468 1849 616 1900 fugiens
635 1862 701 1899 per
719 1849 892 1900 gramina
909 1850 1023 1895 rivus,

95 1898 299 1950 Palmaque
316 1901 548 1940 vestibulum
566 1904 633 1939 aut
651 1902 785 1953 ingens
804 1902 964 1940 oleaster
982 1901 1173 1939 inumbret
1188 1916 1195 1937 :

94 1951 153 1988 Ut
171 1964 288 2002 quum
305 1953 425 2003 prima
444 1954 532 1992 novi
551 1954 691 1992 ducent
709 1954 880 1992 examina
897 1967 1004 2004 reges

95 2003 193 2050 Vere
211 2017 290 2052 suo,
308 2006 414 2044 ludet
441 2019 486 2044 ue
505 2007 601 2044 favis
620 2007 756 2045 emissa
768 2008 964 2058 juventus,

94 2044 386 2118 Vic‘ina‘invffqet
403 2020 678 2123 &cedmon-ipa
696 2053 820 2149 E{Ofi'

94 2107 288 2160 Obviaque
305 2110 480 2160 hospitiis
497 2114 628 2150 teneat
646 2112 729 2150 fron
757 2112 908 2150 entibus
927 2111 1047 2148 arbos.

93 2160 144 2199 In
162 2162 340 2209 medium,
359 2175 425 2200 seu
443 2163 561 2201 stabit
578 2164 689 2210 iners,
709 2177 774 2203 seu
792 2164 955 2214 profluet
973 2163 1121 2209 humor,

92 2213 340 2252 Transversas
359 2214 489 2252 salices
507 2217 547 2253 et
565 2217 722 2266 grandia
740 2217 881 2266 conjice
899 2229 998 2261 saxa,

93 2264 282 2306 Pontibus
301 2270 346 2306 ut
365 2267 502 2306 crebris
521 2269 669 2319 possint
687 2269 901 2317 consistere,
917 2271 956 2307 et
975 2268 1052 2306 alas

1309 1377 1360 1414 10

1308 1638 1357 1676 15
