1544 2380
532 95 571 127 1².
587 92 776 126 7120an
793 92 986 127 mom·

126 193 161 233 Ο
180 191 343 232 formose
360 203 466 244 puer,
484 190 646 231 nimium
664 205 713 231 ne
732 192 840 232 crede
858 190 997 232 colori!

126 246 229 286 Alba
244 246 408 299 ligustra
425 245 568 285 cadunt
585 246 754 285 vaccinia
770 246 882 298 nigra
898 245 1093 297 leguntur.

126 299 340 351 Despectus
358 299 431 337 tibi
450 313 546 347 sum,
565 312 634 338 nec
654 300 719 351 qui
738 300 810 338 sim
830 300 977 350 quaeris,
996 298 1105 336 Alexi
1121 312 1130 343 ;

127 352 251 400 Quam
270 353 374 391 dives
393 353 549 403 pecoris,
568 353 670 391 nivei
691 366 804 404 quam
823 352 935 390 lactis
953 351 1162 390 abundum.
1338 347 1395 388 20

128 404 240 444 Mille
259 419 352 444 meae
371 405 506 444 Siculis
526 408 654 444 errant
672 406 712 444 in
732 406 928 444 montibus
947 418 1052 456 agnae
1070 421 1078 447 ;

125 456 207 497 Lac
225 459 321 497 mihi
340 472 416 497 non
435 461 568 497 testate
587 472 741 506 novum,
759 473 835 497 non
856 459 996 509 frigore
1014 458 1120 495 defit.

130 511 265 558 Canto,
285 526 368 563 quae
387 512 534 558 solitus,
553 512 586 550 si
605 512 755 563 quando
774 515 947 550 armenta
965 511 1139 558 vocabat,

129 563 326 615 Amphion
346 565 516 603 Direaeus
535 565 576 603 in
594 565 728 604 Actaeo
746 565 985 616 Aracyntho.

130 616 213 655 Nec
232 630 319 656 sum
337 618 429 656 adeo
448 618 643 666 insormis3
671 631 792 669 nuper
809 631 870 656 me
888 618 929 656 in
947 618 1059 656 lite-re
1076 615 1167 661 vidi,
1344 612 1396 651 25

129 669 259 716 Quum
277 671 469 722 placidum
487 672 612 710 ventis
631 673 752 709 staret
771 684 895 716 mare:
923 684 1002 709 non
1021 683 1091 721 ego
1112 666 1320 720 Daphnim,

129 721 158 760 J
161 723 269 762 udiee
287 726 339 771 te,
358 726 539 772 metuam,
558 725 590 762 si
609 737 803 775 nunquam
825 724 922 762 fallit.
949 724 1088 775 imago.

130 774 164 812 Ο
186 777 343 814 tantum
360 777 478 815 libeat
496 790 647 816 meeum
664 777 739 815 tibi
757 777 908 815 sordida
925 789 1013 814 rura

129 828 260 879 Atque
278 829 441 868 humiles
459 831 633 869 habitare
652 843 767 877 casas,
786 832 826 868 et
846 830 961 878 figere
979 841 1120 867 cervos.

130 879 416 934 Haedorumque
434 896 589 934 gregem
607 883 720 920 viridi
738 883 959 933 compellere
976 881 1143 920 hibisco!
1346 878 1402 917 30

130 930 288 972 Mecum
305 949 382 973 una
399 936 439 973 in
457 936 562 974 silvis
579 935 777 974 imitabere
797 935 902 973 Pana
920 934 1098 974 canendo.

135 982 215 1024 Pan
233 987 378 1038 primus
397 989 560 1027 calamos
579 1002 663 1027 cera
680 989 908 1039 conjungere
925 988 1052 1039 plures

135 1035 336 1089 Instituit3
365 1041 447 1079 Pan
467 1044 575 1080 curat
594 1055 681 1080 oves
701 1042 904 1091 oviumque
922 1041 1138 1091 magistros.

131 1091 216 1131 Nec
233 1095 275 1132 te
292 1095 479 1144 poeniteat
498 1095 641 1133 calamo
659 1094 810 1132 trivisse
829 1094 1029 1132 labellum:

132 1142 230 1185 Haec
247 1147 378 1186 eadem
400 1149 447 1186 ut
465 1148 589 1194 sciret,
609 1148 700 1198 quid
718 1161 795 1186 non
814 1147 975 1185 faciebat
994 1147 1186 1196 Amyntas
1203 1141 1223 1182 Ρ
1346 1141 1400 1181 35

133 1196 210 1237 Est
229 1199 325 1237 mihi
344 1201 555 1251 disparibus
575 1203 720 1251 septem
741 1202 938 1251 compacta
956 1199 1091 1237 cicutis

133 1248 296 1299 Fistula,
316 1253 516 1292 Damoetas
535 1254 634 1292 dono
653 1253 749 1291 mihi
768 1266 881 1304 quam
901 1253 1007 1291 dedit
1026 1252 1130 1295 olim,

132 1305 191 1344 Et
209 1304 307 1343 dixit
324 1306 511 1345 moriens:
541 1309 550 1326 ‘
566 1307 621 1344 Te
640 1319 740 1344 nunc
759 1306 876 1344 habet
894 1307 969 1343 ista
987 1301 1222 1344 secundum?

132 1358 246 1398 Dixit
264 1360 463 1398 Damoetas
480 1376 488 1397 ε
517 1359 656 1397 invidit
675 1359 819 1397 stultus
838 1359 1042 1409 Amyntas.

134 1411 325 1451 Praeterea
343 1412 417 1450 duo
435 1425 504 1451 nec
524 1415 611 1450 tuta
631 1412 726 1449 mihi
744 1412 842 1449 valle
862 1412 1002 1462 reperti
1347 1409 1401 1447 40

132 1463 319 1514 Capreoli,
340 1465 479 1516 sparsis
499 1465 614 1503 etiarn
634 1478 735 1502 nuno
753 1464 913 1515 pellibus
933 1464 1033 1507 albo;

134 1516 236 1555 Bina
253 1519 313 1557 dic
331 1517 476 1556 siccant
493 1518 574 1556 ovis
593 1517 730 1564 ubera3
759 1531 853 1567 quos
872 1517 943 1553 tibi
963 1528 1082 1554 servo.

134 1569 163 1607 J
165 1583 227 1608 am
245 1571 391 1622 pridem
411 1583 433 1608 a
450 1583 512 1609 me
530 1570 613 1608 illos
632 1570 815 1608 abducere
833 1569 1029 1620 Thestylis
1049 1569 1133 1607 orat
1149 1583 1158 1615 ;

135 1622 191 1660 Et
210 1623 334 1671 faciet,
353 1623 531 1674 quoniam
551 1624 706 1662 sordent
723 1623 796 1661 tibi
815 1635 973 1660 munera
990 1625 1133 1660 nostra.

135 1674 227 1714 Huc
245 1676 344 1723 adeS,
363 1689 386 1714 o
406 1676 567 1715 formose
585 1689 678 1727 puer
696 1691 705 1712 :
730 1675 802 1713 tibi
819 1675 899 1713 lilia
916 1674 1049 1726 plenis,
1348 1672 1400 1711 45

136 1726 248 1776 Eece,
266 1730 395 1768 serunt
414 1729 608 1780 Nymphae
627 1728 808 1775 calathis3
835 1728 908 1765 tibi
927 1727 1086 1765 eandida
1105 1726 1178 1765 Nax
1191 1740 1213 1774 =,

137 1778 328 1821 Pallentes
347 1782 464 1819 violas
483 1785 523 1820 et
542 1795 690 1820 summa
708 1794 893 1833 papavera
911 1794 1077 1831 cai-pens,

137 1831 359 1873 Narcissum
378 1838 418 1873 ct
438 1835 566 1873 florem
580 1835 713 1886 jungit
732 1835 825 1873 bene
845 1834 983 1872 olentis
1003 1832 1134 1871 anethi
1151 1848 1160 1878 3

137 1885 249 1935 Tum,
268 1888 368 1927 casia
385 1890 499 1940 atque
519 1889 599 1926 aliis
619 1889 791 1926 intexens
811 1887 987 1926 suavibus
1006 1886 1145 1932 herbis,

138 1938 269 1979 Mollia
285 1941 426 1980 luteola
460 1941 572 1992 ›ingit
590 1941 758 1979 vaccinia
776 1941 914 1978 ealllm.
1347 1935 1403 1976 60

139 1989 223 2044 lpse
241 2007 313 2045 ego
331 2007 425 2033 cana
442 1955 565 2044 legam
585 1997 716 2033 tenera
733 1994 911 2044 lanugine
931 1991 1041 2038 mala,

136 2048 418 2099 Castaneasque
437 2061 563 2094 nuces,
582 2060 667 2085 mea
685 2060 776 2098 quas
796 2046 1002 2097 Anuiryllis
1022 2044 1187 2083 amabat.

139 2099 287 2139 Addam
307 2115 412 2139 cei-ea
430 2114 572 2152 pruna3
601 2100 721 2139 honos
740 2100 813 2138 erit
832 2099 920 2137 huie
941 2112 1089 2150 quoqne
1109 2110 1245 2149 pomog

141 2153 193 2191 Et
211 2165 289 2199 voe,
309 2166 332 2191 o
350 2153 457 2200 lauri,
477 2167 639 2206 ent-pam,
658 2156 697 2192 et
715 2156 767 2200 tc,
787 2153 957 2204 proxima
977 2154 1102 2202 myrto
1118 2168 1126 2200 3

138 2204 198 2244 Sic
217 2205 352 2256 positae
372 2207 551 2258 quoniam
571 2219 703 2246 suaves
722 2206 888 2245 miscetis
909 2206 1071 2243 odores:
1342 2198 1402 2241 ‘fl

139 2257 320 2298 Rusticus
339 2273 389 2309 es,
411 2259 600 2312 Corydon,
620 2273 688 2299 nec
707 2272 863 2298 munera
883 2260 992 2297 curat
1013 2255 1141 2297 Alexis
1153 2271 1166 2306 ;
