<?xml version="1.0" encoding="UTF-8"?>
<!DOCTYPE html PUBLIC "-//W3C//DTD XHTML 1.0 Transitional//EN"
    "http://www.w3.org/TR/xhtml1/DTD/xhtml1-transitional.dtd">
<html xmlns="http://www.w3.org/1999/xhtml" xml:lang="en" lang="en">
 <head>
  <title>
</title>
<meta http-equiv="Content-Type" content="text/html;charset=utf-8" />
  <meta name='ocr-system' content='tesseract 3.04.00' />
  <meta name='ocr-capabilities' content='ocr_page ocr_carea ocr_par ocr_line ocrx_word'/>
</head>
<body>
  <div class='ocr_page' id='page_1' title='image "./operaworksofvirg01virguoft_0048.png"; bbox 0 0 1544 2400; ppageno 0'>
   <div class='ocr_carea' id='block_1_1' title="bbox 547 68 997 98">
    <p class='ocr_par' dir='ltr' id='par_1_1' title="bbox 547 68 997 98">
     <span class='ocr_line' id='line_1_1' title="bbox 547 68 997 98; baseline 0.004 -2"><span class='ocrx_word' id='word_1_1' title='bbox 547 69 583 96; x_wconf 77' lang='grc' dir='ltr'>Ρ.</span> <span class='ocrx_word' id='word_1_2' title='bbox 603 68 792 97; x_wconf 82' lang='lat' dir='ltr'>VIBGILH</span> <span class='ocrx_word' id='word_1_3' title='bbox 810 68 997 98; x_wconf 67' lang='lat' dir='ltr'>maome</span> 
     </span>
    </p>
   </div>
   <div class='ocr_carea' id='block_1_2' title="bbox 132 163 1414 2293">
    <p class='ocr_par' dir='ltr' id='par_1_2' title="bbox 135 163 1145 225">
     <span class='ocr_line' id='line_1_2' title="bbox 135 163 1145 225; baseline 0.003 -23"><span class='ocrx_word' id='word_1_4' title='bbox 135 163 292 212; x_wconf 82' lang='lat' dir='ltr'>(Altera</span> <span class='ocrx_word' id='word_1_5' title='bbox 304 163 503 204; x_wconf 82' lang='lat' dir='ltr'>frumentis</span> <span class='ocrx_word' id='word_1_6' title='bbox 512 164 691 225; x_wconf 67' lang='lat' dir='ltr'>quoniam</span> <span class='ocrx_word' id='word_1_7' title='bbox 709 164 824 213; x_wconf 86' lang='lat' dir='ltr'>favet,</span> <span class='ocrx_word' id='word_1_8' title='bbox 843 164 963 204; x_wconf 83' lang='lat' dir='ltr'>altera</span> <span class='ocrx_word' id='word_1_9' title='bbox 982 164 1145 218; x_wconf 77' lang='lat' dir='ltr'>Baccho,</span> 
     </span>
    </p>

    <p class='ocr_par' dir='ltr' id='par_1_3' title="bbox 138 217 1125 272">
     <span class='ocr_line' id='line_1_3' title="bbox 138 217 1125 272; baseline 0 -15"><span class='ocrx_word' id='word_1_10' title='bbox 138 218 270 257; x_wconf 72' lang='lat' dir='ltr'>Densa</span> <span class='ocrx_word' id='word_1_11' title='bbox 286 217 409 269; x_wconf 84' lang='lat' dir='ltr'>magis</span> <span class='ocrx_word' id='word_1_12' title='bbox 429 217 567 266; x_wconf 83' lang='lat' dir='ltr'>Cereri,</span> <span class='ocrx_word' id='word_1_13' title='bbox 585 218 778 256; x_wconf 85' lang='lat' dir='ltr'>rarissima</span> <span class='ocrx_word' id='word_1_14' title='bbox 795 231 957 269; x_wconf 71' lang='lat' dir='ltr'>qumque</span> <span class='ocrx_word' id='word_1_15' title='bbox 976 217 1125 272; x_wconf 82' lang='lat' dir='ltr'>Lyaeo‚)</span> 
     </span>
    </p>

    <p class='ocr_par' dir='ltr' id='par_1_4' title="bbox 137 271 1414 376">
     <span class='ocr_line' id='line_1_4' title="bbox 137 271 1414 323; baseline 0.002 -12"><span class='ocrx_word' id='word_1_16' title='bbox 137 271 243 311; x_wconf 86' lang='lat' dir='ltr'>Ante</span> <span class='ocrx_word' id='word_1_17' title='bbox 260 271 388 310; x_wconf 89' lang='lat' dir='ltr'>locum</span> <span class='ocrx_word' id='word_1_18' title='bbox 406 271 529 323; x_wconf 82' lang='lat' dir='ltr'>capies</span> <span class='ocrx_word' id='word_1_19' title='bbox 548 271 677 318; x_wconf 84' lang='lat' dir='ltr'>oculis,</span> <span class='ocrx_word' id='word_1_20' title='bbox 696 271 846 322; x_wconf 82' lang='lat' dir='ltr'>alteque</span> <span class='ocrx_word' id='word_1_21' title='bbox 864 271 1018 323; x_wconf 83' lang='lat' dir='ltr'>jubebis</span> <span class='ocrx_word' id='word_1_22' title='bbox 1334 272 1414 313; x_wconf 82' lang='lat'>230</span> 
     </span>
     <span class='ocr_line' id='line_1_5' title="bbox 138 302 1109 376; baseline 0.002 -14"><span class='ocrx_word' id='word_1_23' title='bbox 138 324 188 363; x_wconf 91' lang='lat' dir='ltr'>In</span> <span class='ocrx_word' id='word_1_24' title='bbox 206 324 326 364; x_wconf 88' lang='lat' dir='ltr'>solido</span> <span class='ocrx_word' id='word_1_25' title='bbox 344 326 505 376; x_wconf 87' lang='lat' dir='ltr'>puteum</span> <span class='ocrx_word' id='word_1_26' title='bbox 524 302 689 371; x_wconf 85' lang='lat' dir='ltr'>demitti,</span> <span class='ocrx_word' id='word_1_27' title='bbox 708 337 934 376; x_wconf 88' lang='lat' dir='ltr'>omnemque</span> <span class='ocrx_word' id='word_1_28' title='bbox 952 338 1109 376; x_wconf 81' lang='lat' dir='ltr'>repones</span> 
     </span>
    </p>

    <p class='ocr_par' dir='ltr' id='par_1_5' title="bbox 137 377 1252 430">
     <span class='ocr_line' id='line_1_6' title="bbox 137 377 1252 430; baseline 0 -14"><span class='ocrx_word' id='word_1_29' title='bbox 137 377 286 417; x_wconf 86' lang='lat' dir='ltr'><strong>Rursus</strong></span> <span class='ocrx_word' id='word_1_30' title='bbox 305 378 478 425; x_wconf 86' lang='lat' dir='ltr'>humum,</span> <span class='ocrx_word' id='word_1_31' title='bbox 499 381 539 417; x_wconf 92' lang='lat' dir='ltr'>et</span> <span class='ocrx_word' id='word_1_32' title='bbox 556 378 716 428; x_wconf 87' lang='lat' dir='ltr'>pedibus</span> <span class='ocrx_word' id='word_1_33' title='bbox 735 391 903 416; x_wconf 87' lang='lat' dir='ltr'>summas</span> <span class='ocrx_word' id='word_1_34' title='bbox 923 379 1091 430; x_wconf 74' lang='lat' dir='ltr'>aequabis</span> <span class='ocrx_word' id='word_1_35' title='bbox 1110 391 1252 418; x_wconf 66' lang='lat' dir='ltr'>arenas</span> 
     </span>
    </p>

    <p class='ocr_par' dir='ltr' id='par_1_6' title="bbox 136 431 1082 483">
     <span class='ocr_line' id='line_1_7' title="bbox 136 431 1082 483; baseline 0 -14"><span class='ocrx_word' id='word_1_36' title='bbox 136 431 177 469; x_wconf 92' lang='lat' dir='ltr'>Si</span> <span class='ocrx_word' id='word_1_37' title='bbox 196 432 368 478; x_wconf 84' lang='lat' dir='ltr'>deerunt,</span> <span class='ocrx_word' id='word_1_38' title='bbox 387 445 525 482; x_wconf 83' lang='lat' dir='ltr'>rarum,</span> <span class='ocrx_word' id='word_1_39' title='bbox 535 432 734 483; x_wconf 86' lang='lat' dir='ltr'>pecorique</span> <span class='ocrx_word' id='word_1_40' title='bbox 753 434 793 470; x_wconf 90' lang='lat' dir='ltr'>et</span> <span class='ocrx_word' id='word_1_41' title='bbox 810 432 954 470; x_wconf 89' lang='lat' dir='ltr'>vitibus</span> <span class='ocrx_word' id='word_1_42' title='bbox 974 432 1082 470; x_wconf 82' lang='lat' dir='ltr'>almis</span> 
     </span>
    </p>

    <p class='ocr_par' dir='ltr' id='par_1_7' title="bbox 135 485 1079 536">
     <span class='ocr_line' id='line_1_8' title="bbox 135 485 1079 536; baseline 0.001 -14"><span class='ocrx_word' id='word_1_43' title='bbox 135 485 277 536; x_wconf 90' lang='lat' dir='ltr'>Aptius</span> <span class='ocrx_word' id='word_1_44' title='bbox 296 485 390 522; x_wconf 86' lang='lat' dir='ltr'>uber</span> <span class='ocrx_word' id='word_1_45' title='bbox 408 485 503 531; x_wconf 87' lang='lat' dir='ltr'>e1·it;</span> <span class='ocrx_word' id='word_1_46' title='bbox 531 485 590 522; x_wconf 79' lang='lat' dir='ltr'>sin</span> <span class='ocrx_word' id='word_1_47' title='bbox 609 485 649 522; x_wconf 87' lang='lat' dir='ltr'>in</span> <span class='ocrx_word' id='word_1_48' title='bbox 668 498 736 523; x_wconf 85' lang='lat' dir='ltr'>sua</span> <span class='ocrx_word' id='word_1_49' title='bbox 753 498 862 535; x_wconf 86' lang='lat' dir='ltr'>posse</span> <span class='ocrx_word' id='word_1_50' title='bbox 880 485 1079 536; x_wconf 85' lang='lat' dir='ltr'>negabunt</span> 
     </span>
    </p>

    <p class='ocr_par' dir='ltr' id='par_1_8' title="bbox 135 516 1410 643">
     <span class='ocr_line' id='line_1_9' title="bbox 136 516 1410 589; baseline 0 -13"><span class='ocrx_word' id='word_1_51' title='bbox 136 537 199 576; x_wconf 90' lang='lat' dir='ltr'>Ire</span> <span class='ocrx_word' id='word_1_52' title='bbox 217 538 310 586; x_wconf 88' lang='lat' dir='ltr'>loca,</span> <span class='ocrx_word' id='word_1_53' title='bbox 329 540 369 576; x_wconf 87' lang='lat' dir='ltr'>et</span> <span class='ocrx_word' id='word_1_54' title='bbox 388 516 581 576; x_wconf 78' lang='lat' dir='ltr'>scrobibus</span> <span class='ocrx_word' id='word_1_55' title='bbox 600 538 794 588; x_wconf 84' lang='lat' dir='ltr'>superabit</span> <span class='ocrx_word' id='word_1_56' title='bbox 812 540 915 576; x_wconf 87' lang='lat' dir='ltr'>terra</span> <span class='ocrx_word' id='word_1_57' title='bbox 932 538 1099 589; x_wconf 89' lang='lat' dir='ltr'>repletis,</span> <span class='ocrx_word' id='word_1_58' title='bbox 1334 538 1410 576; x_wconf 82' lang='lat'>235</span> 
     </span>
     <span class='ocr_line' id='line_1_10' title="bbox 135 591 1165 643; baseline 0.001 -14"><span class='ocrx_word' id='word_1_59' title='bbox 135 591 285 641; x_wconf 84' lang='lat' dir='ltr'>Spissus</span> <span class='ocrx_word' id='word_1_60' title='bbox 304 604 418 643; x_wconf 80' lang='lat' dir='ltr'>agcr3</span> <span class='ocrx_word' id='word_1_61' title='bbox 446 591 576 641; x_wconf 84' lang='lat' dir='ltr'>glebas</span> <span class='ocrx_word' id='word_1_62' title='bbox 595 593 821 629; x_wconf 74' lang='lat' dir='ltr'>cunctantes</span> <span class='ocrx_word' id='word_1_63' title='bbox 840 604 1036 642; x_wconf 88' lang='lat' dir='ltr'>crassaque</span> <span class='ocrx_word' id='word_1_64' title='bbox 1054 594 1165 643; x_wconf 75' lang='lat' dir='ltr'>teiga</span> 
     </span>
    </p>

    <p class='ocr_par' dir='ltr' id='par_1_9' title="bbox 135 633 1129 696">
     <span class='ocr_line' id='line_1_11' title="bbox 135 633 1129 696; baseline 0.001 -14"><span class='ocrx_word' id='word_1_65' title='bbox 135 633 345 696; x_wconf 81' lang='lat' dir='ltr'>Exspecta,</span> <span class='ocrx_word' id='word_1_66' title='bbox 359 647 399 682; x_wconf 91' lang='lat' dir='ltr'>et</span> <span class='ocrx_word' id='word_1_67' title='bbox 420 644 552 683; x_wconf 83' lang='lat' dir='ltr'>validis</span> <span class='ocrx_word' id='word_1_68' title='bbox 571 647 714 683; x_wconf 85' lang='lat' dir='ltr'>terram</span> <span class='ocrx_word' id='word_1_69' title='bbox 731 644 958 694; x_wconf 80' lang='lat' dir='ltr'>pr‘oscinde</span> <span class='ocrx_word' id='word_1_70' title='bbox 943 645 1129 696; x_wconf 67' lang='lat' dir='ltr'>juvencis.</span> 
     </span>
    </p>

    <p class='ocr_par' dir='ltr' id='par_1_10' title="bbox 134 697 1094 748">
     <span class='ocr_line' id='line_1_12' title="bbox 134 697 1094 748; baseline 0 -12"><span class='ocrx_word' id='word_1_71' title='bbox 134 697 241 736; x_wconf 82' lang='lat' dir='ltr'>Salsa</span> <span class='ocrx_word' id='word_1_72' title='bbox 258 700 388 736; x_wconf 83' lang='lat' dir='ltr'>autem</span> <span class='ocrx_word' id='word_1_73' title='bbox 406 698 520 735; x_wconf 85' lang='lat' dir='ltr'>tellus</span> <span class='ocrx_word' id='word_1_74' title='bbox 552 699 592 735; x_wconf 90' lang='lat' dir='ltr'>et</span> <span class='ocrx_word' id='word_1_75' title='bbox 611 711 692 748; x_wconf 82' lang='lat' dir='ltr'>quae</span> <span class='ocrx_word' id='word_1_76' title='bbox 715 697 937 748; x_wconf 70' lang='lat' dir='ltr'><strong>perhibetur</strong></span> <span class='ocrx_word' id='word_1_77' title='bbox 956 710 1094 745; x_wconf 85' lang='lat' dir='ltr'>amara,</span> 
     </span>
    </p>

    <p class='ocr_par' dir='ltr' id='par_1_11' title="bbox 134 750 1080 803">
     <span class='ocr_line' id='line_1_13' title="bbox 134 750 1080 803; baseline 0.001 -15"><span class='ocrx_word' id='word_1_78' title='bbox 134 750 327 803; x_wconf 86' lang='lat' dir='ltr'>Frugibus</span> <span class='ocrx_word' id='word_1_79' title='bbox 346 751 489 797; x_wconf 80' lang='lat' dir='ltr'>infelix,</span> <span class='ocrx_word' id='word_1_80' title='bbox 509 751 571 800; x_wconf 87' lang='lat' dir='ltr'>(ea</span> <span class='ocrx_word' id='word_1_81' title='bbox 589 764 659 789; x_wconf 85' lang='lat' dir='ltr'>nee</span> <span class='ocrx_word' id='word_1_82' title='bbox 677 751 909 789; x_wconf 70' lang='lat' dir='ltr'>mansuescit</span> <span class='ocrx_word' id='word_1_83' title='bbox 928 751 1080 797; x_wconf 86' lang='lat' dir='ltr'>arando,</span> 
     </span>
    </p>

    <p class='ocr_par' dir='ltr' id='par_1_12' title="bbox 133 803 1411 908">
     <span class='ocr_line' id='line_1_14' title="bbox 133 803 1411 855; baseline 0 -13"><span class='ocrx_word' id='word_1_84' title='bbox 133 803 217 843; x_wconf 85' lang='lat' dir='ltr'>Nec</span> <span class='ocrx_word' id='word_1_85' title='bbox 236 804 390 842; x_wconf 84' lang='lat' dir='ltr'>Baccho</span> <span class='ocrx_word' id='word_1_86' title='bbox 408 817 541 855; x_wconf 79' lang='lat' dir='ltr'>genuS,</span> <span class='ocrx_word' id='word_1_87' title='bbox 561 806 628 842; x_wconf 84' lang='lat' dir='ltr'>aut</span> <span class='ocrx_word' id='word_1_88' title='bbox 646 804 769 855; x_wconf 85' lang='lat' dir='ltr'>pomis</span> <span class='ocrx_word' id='word_1_89' title='bbox 788 818 857 841; x_wconf 85' lang='lat' dir='ltr'>sua</span> <span class='ocrx_word' id='word_1_90' title='bbox 874 804 1030 842; x_wconf 79' lang='lat' dir='ltr'>nomina.</span> <span class='ocrx_word' id='word_1_91' title='bbox 1047 803 1205 853; x_wconf 58' lang='lat' dir='ltr'>servat-Q</span> <span class='ocrx_word' id='word_1_92' title='bbox 1332 804 1411 842; x_wconf 76' lang='lat'>240</span> 
     </span>
     <span class='ocr_line' id='line_1_15' title="bbox 133 856 1094 908; baseline 0 -13"><span class='ocrx_word' id='word_1_93' title='bbox 133 856 225 896; x_wconf 84' lang='lat' dir='ltr'>Tale</span> <span class='ocrx_word' id='word_1_94' title='bbox 244 857 351 895; x_wconf 89' lang='lat' dir='ltr'>dabit</span> <span class='ocrx_word' id='word_1_95' title='bbox 369 857 581 907; x_wconf 84' lang='lat' dir='ltr'>specimen:</span> <span class='ocrx_word' id='word_1_96' title='bbox 610 859 656 895; x_wconf 91' lang='lat' dir='ltr'>tu</span> <span class='ocrx_word' id='word_1_97' title='bbox 674 857 794 908; x_wconf 86' lang='lat' dir='ltr'>spisso</span> <span class='ocrx_word' id='word_1_98' title='bbox 807 857 949 895; x_wconf 85' lang='lat' dir='ltr'>vimine</span> <span class='ocrx_word' id='word_1_99' title='bbox 964 857 1094 907; x_wconf 81' lang='lat' dir='ltr'>qualos</span> 
     </span>
    </p>

    <p class='ocr_par' dir='ltr' id='par_1_13' title="bbox 134 910 996 962">
     <span class='ocr_line' id='line_1_16' title="bbox 134 910 996 962; baseline -0.001 -13"><span class='ocrx_word' id='word_1_100' title='bbox 134 910 299 962; x_wconf 88' lang='lat' dir='ltr'>Colaque</span> <span class='ocrx_word' id='word_1_101' title='bbox 317 910 521 961; x_wconf 89' lang='lat' dir='ltr'>praelorum</span> <span class='ocrx_word' id='word_1_102' title='bbox 539 910 697 948; x_wconf 83' lang='lat' dir='ltr'>fumosis</span> <span class='ocrx_word' id='word_1_103' title='bbox 716 910 843 960; x_wconf 84' lang='lat' dir='ltr'>deripe</span> <span class='ocrx_word' id='word_1_104' title='bbox 860 910 996 957; x_wconf 83' lang='lat' dir='ltr'>tectis3</span> 
     </span>
    </p>

    <p class='ocr_par' dir='ltr' id='par_1_14' title="bbox 133 963 1152 1015">
     <span class='ocr_line' id='line_1_17' title="bbox 133 963 1152 1015; baseline -0.002 -13"><span class='ocrx_word' id='word_1_105' title='bbox 133 963 225 1002; x_wconf 92' lang='lat' dir='ltr'>Huc</span> <span class='ocrx_word' id='word_1_106' title='bbox 245 977 334 1015; x_wconf 84' lang='lat' dir='ltr'>ager</span> <span class='ocrx_word' id='word_1_107' title='bbox 352 964 416 1002; x_wconf 88' lang='lat' dir='ltr'>ille</span> <span class='ocrx_word' id='word_1_108' title='bbox 435 964 557 1002; x_wconf 87' lang='lat' dir='ltr'>malus</span> <span class='ocrx_word' id='word_1_109' title='bbox 589 963 791 1014; x_wconf 79' lang='lat' dir='ltr'>dulcesque</span> <span class='ocrx_word' id='word_1_110' title='bbox 809 976 832 1000; x_wconf 87' lang='lat' dir='ltr'>a</span> <span class='ocrx_word' id='word_1_111' title='bbox 849 963 1020 1001; x_wconf 88' lang='lat' dir='ltr'>fontibus</span> <span class='ocrx_word' id='word_1_112' title='bbox 1038 963 1152 1001; x_wconf 82' lang='lat' dir='ltr'>undoe</span> 
     </span>
    </p>

    <p class='ocr_par' dir='ltr' id='par_1_15' title="bbox 132 1016 1121 1068">
     <span class='ocr_line' id='line_1_18' title="bbox 132 1016 1121 1068; baseline -0.001 -13"><span class='ocrx_word' id='word_1_113' title='bbox 132 1017 197 1055; x_wconf 89' lang='lat' dir='ltr'>Ad</span> <span class='ocrx_word' id='word_1_114' title='bbox 215 1017 371 1067; x_wconf 86' lang='lat' dir='ltr'>plenum</span> <span class='ocrx_word' id='word_1_115' title='bbox 389 1017 603 1055; x_wconf 76' lang='lat' dir='ltr'>calcentur:</span> <span class='ocrx_word' id='word_1_116' title='bbox 633 1030 730 1068; x_wconf 84' lang='lat' dir='ltr'>aqua</span> <span class='ocrx_word' id='word_1_117' title='bbox 748 1016 978 1054; x_wconf 72' lang='lat' dir='ltr'>eluctabitur</span> <span class='ocrx_word' id='word_1_118' title='bbox 996 1016 1121 1054; x_wconf 80' lang='lat' dir='ltr'>omnis</span> 
     </span>
    </p>

    <p class='ocr_par' dir='ltr' id='par_1_16' title="bbox 134 1068 1409 1175">
     <span class='ocr_line' id='line_1_19' title="bbox 134 1068 1409 1121; baseline -0.002 -12"><span class='ocrx_word' id='word_1_119' title='bbox 134 1069 299 1118; x_wconf 84' lang='lat' dir='ltr'>Scilicet,</span> <span class='ocrx_word' id='word_1_120' title='bbox 318 1072 358 1108; x_wconf 91' lang='lat' dir='ltr'>et</span> <span class='ocrx_word' id='word_1_121' title='bbox 377 1070 540 1121; x_wconf 79' lang='lat' dir='ltr'>grandes</span> <span class='ocrx_word' id='word_1_122' title='bbox 559 1070 673 1108; x_wconf 86' lang='lat' dir='ltr'>ibunt</span> <span class='ocrx_word' id='word_1_123' title='bbox 690 1083 757 1120; x_wconf 87' lang='lat' dir='ltr'>per</span> <span class='ocrx_word' id='word_1_124' title='bbox 776 1069 919 1107; x_wconf 86' lang='lat' dir='ltr'>vimina</span> <span class='ocrx_word' id='word_1_125' title='bbox 937 1071 1060 1120; x_wconf 87' lang='lat' dir='ltr'>guttae</span> <span class='ocrx_word' id='word_1_126' title='bbox 1077 1085 1086 1117; x_wconf 85' lang='lat'><em>3</em></span> <span class='ocrx_word' id='word_1_127' title='bbox 1332 1068 1409 1107; x_wconf 74' lang='lat'>245</span> 
     </span>
     <span class='ocr_line' id='line_1_20' title="bbox 134 1122 1054 1175; baseline -0.001 -14"><span class='ocrx_word' id='word_1_128' title='bbox 134 1125 190 1161; x_wconf 93' lang='lat' dir='ltr'>At</span> <span class='ocrx_word' id='word_1_129' title='bbox 209 1137 319 1175; x_wconf 89' lang='lat' dir='ltr'>sapor</span> <span class='ocrx_word' id='word_1_130' title='bbox 337 1123 520 1161; x_wconf 77' lang='lat' dir='ltr'>iudiciuin</span> <span class='ocrx_word' id='word_1_131' title='bbox 540 1123 653 1161; x_wconf 85' lang='lat' dir='ltr'>faciet</span> <span class='ocrx_word' id='word_1_132' title='bbox 672 1122 908 1170; x_wconf 85' lang='lat' dir='ltr'>manifestus,</span> <span class='ocrx_word' id='word_1_133' title='bbox 929 1125 968 1160; x_wconf 92' lang='lat' dir='ltr'>et</span> <span class='ocrx_word' id='word_1_134' title='bbox 987 1135 1054 1160; x_wconf 88' lang='lat' dir='ltr'>ora.</span> 
     </span>
    </p>

    <p class='ocr_par' dir='ltr' id='par_1_17' title="bbox 134 1175 1038 1226">
     <span class='ocr_line' id='line_1_21' title="bbox 134 1175 1038 1226; baseline -0.001 -12"><span class='ocrx_word' id='word_1_135' title='bbox 134 1177 278 1215; x_wconf 85' lang='lat' dir='ltr'>Tristia</span> <span class='ocrx_word' id='word_1_136' title='bbox 290 1179 514 1216; x_wconf 88' lang='lat' dir='ltr'>tentantum</span> <span class='ocrx_word' id='word_1_137' title='bbox 535 1190 647 1214; x_wconf 85' lang='lat' dir='ltr'>sensu</span> <span class='ocrx_word' id='word_1_138' title='bbox 664 1175 861 1226; x_wconf 83' lang='lat' dir='ltr'>torquebit</span> <span class='ocrx_word' id='word_1_139' title='bbox 879 1188 1038 1214; x_wconf 84' lang='lat' dir='ltr'>amaror.</span> 
     </span>
    </p>

    <p class='ocr_par' dir='ltr' id='par_1_18' title="bbox 135 1229 1128 1281">
     <span class='ocr_line' id='line_1_22' title="bbox 135 1229 1128 1281; baseline -0.002 -13"><span class='ocrx_word' id='word_1_140' title='bbox 135 1230 296 1281; x_wconf 88' lang='lat' dir='ltr'>Pinguis</span> <span class='ocrx_word' id='word_1_141' title='bbox 314 1231 408 1268; x_wconf 88' lang='lat' dir='ltr'>item</span> <span class='ocrx_word' id='word_1_142' title='bbox 428 1243 511 1280; x_wconf 81' lang='lat' dir='ltr'>quae</span> <span class='ocrx_word' id='word_1_143' title='bbox 531 1230 582 1268; x_wconf 83' lang='lat' dir='ltr'>sit</span> <span class='ocrx_word' id='word_1_144' title='bbox 600 1229 727 1276; x_wconf 87' lang='lat' dir='ltr'>tellus,</span> <span class='ocrx_word' id='word_1_145' title='bbox 745 1229 819 1267; x_wconf 90' lang='lat' dir='ltr'>hoc</span> <span class='ocrx_word' id='word_1_146' title='bbox 837 1229 997 1279; x_wconf 85' lang='lat' dir='ltr'>denique</span> <span class='ocrx_word' id='word_1_147' title='bbox 1015 1230 1128 1279; x_wconf 87' lang='lat' dir='ltr'>pacto</span> 
     </span>
    </p>

    <p class='ocr_par' dir='ltr' id='par_1_19' title="bbox 135 1281 1196 1333">
     <span class='ocr_line' id='line_1_23' title="bbox 135 1281 1196 1333; baseline -0.002 -12"><span class='ocrx_word' id='word_1_148' title='bbox 135 1283 349 1322; x_wconf 87' lang='lat' dir='ltr'>Discimus:</span> <span class='ocrx_word' id='word_1_149' title='bbox 378 1283 482 1321; x_wconf 87' lang='lat' dir='ltr'>haud</span> <span class='ocrx_word' id='word_1_150' title='bbox 501 1296 669 1333; x_wconf 82' lang='lat' dir='ltr'>unquam</span> <span class='ocrx_word' id='word_1_151' title='bbox 687 1282 863 1320; x_wconf 84' lang='lat' dir='ltr'>manibus</span> <span class='ocrx_word' id='word_1_152' title='bbox 876 1282 1023 1333; x_wconf 81' lang='lat' dir='ltr'>jactata</span> <span class='ocrx_word' id='word_1_153' title='bbox 1041 1281 1196 1330; x_wconf 81' lang='lat' dir='ltr'>fatiscit,</span> 
     </span>
    </p>

    <p class='ocr_par' dir='ltr' id='par_1_20' title="bbox 134 1334 1409 1439">
     <span class='ocr_line' id='line_1_24' title="bbox 134 1334 1409 1388; baseline -0.002 -13"><span class='ocrx_word' id='word_1_154' title='bbox 134 1336 209 1375; x_wconf 87' lang='lat' dir='ltr'>Sed</span> <span class='ocrx_word' id='word_1_155' title='bbox 227 1337 321 1388; x_wconf 88' lang='lat' dir='ltr'>picis</span> <span class='ocrx_word' id='word_1_156' title='bbox 340 1337 378 1374; x_wconf 87' lang='lat' dir='ltr'>in</span> <span class='ocrx_word' id='word_1_157' title='bbox 400 1349 544 1374; x_wconf 86' lang='lat' dir='ltr'>morem</span> <span class='ocrx_word' id='word_1_158' title='bbox 559 1337 607 1373; x_wconf 85' lang='lat' dir='ltr'>ad</span> <span class='ocrx_word' id='word_1_159' title='bbox 626 1336 768 1386; x_wconf 85' lang='lat' dir='ltr'>digitos</span> <span class='ocrx_word' id='word_1_160' title='bbox 787 1335 964 1373; x_wconf 82' lang='lat' dir='ltr'>lentescit</span> <span class='ocrx_word' id='word_1_161' title='bbox 982 1334 1168 1374; x_wconf 84' lang='lat' dir='ltr'>habendo.</span> <span class='ocrx_word' id='word_1_162' title='bbox 1331 1334 1409 1373; x_wconf 84' lang='lat'>250</span> 
     </span>
     <span class='ocr_line' id='line_1_25' title="bbox 135 1388 1039 1439; baseline -0.003 -11"><span class='ocrx_word' id='word_1_163' title='bbox 135 1389 310 1428; x_wconf 83' lang='lat' dir='ltr'>Humida</span> <span class='ocrx_word' id='word_1_164' title='bbox 326 1390 486 1439; x_wconf 75' lang='lat' dir='ltr'>maiores</span> <span class='ocrx_word' id='word_1_165' title='bbox 508 1389 644 1427; x_wconf 81' lang='lat' dir='ltr'>herbas</span> <span class='ocrx_word' id='word_1_166' title='bbox 664 1388 744 1436; x_wconf 84' lang='lat' dir='ltr'>alit,</span> <span class='ocrx_word' id='word_1_167' title='bbox 763 1388 918 1439; x_wconf 86' lang='lat' dir='ltr'>ipsaque</span> <span class='ocrx_word' id='word_1_168' title='bbox 931 1388 1039 1438; x_wconf 88' lang='lat' dir='ltr'>justo</span> 
     </span>
    </p>

    <p class='ocr_par' dir='ltr' id='par_1_21' title="bbox 134 1441 1092 1490">
     <span class='ocr_line' id='line_1_26' title="bbox 134 1441 1092 1490; baseline -0.002 -10"><span class='ocrx_word' id='word_1_169' title='bbox 134 1442 294 1482; x_wconf 87' lang='lat' dir='ltr'>Laetior.</span> <span class='ocrx_word' id='word_1_170' title='bbox 349 1443 413 1480; x_wconf 70' lang='lat' dir='ltr'>Ah</span> <span class='ocrx_word' id='word_1_171' title='bbox 432 1443 595 1481; x_wconf 85' lang='lat' dir='ltr'>nimium</span> <span class='ocrx_word' id='word_1_172' title='bbox 614 1456 660 1480; x_wconf 89' lang='lat' dir='ltr'>ne</span> <span class='ocrx_word' id='word_1_173' title='bbox 680 1442 731 1479; x_wconf 90' lang='lat' dir='ltr'>sit</span> <span class='ocrx_word' id='word_1_174' title='bbox 749 1441 845 1479; x_wconf 88' lang='lat' dir='ltr'>mihi</span> <span class='ocrx_word' id='word_1_175' title='bbox 863 1441 999 1479; x_wconf 86' lang='lat' dir='ltr'>fertilis</span> <span class='ocrx_word' id='word_1_176' title='bbox 1017 1441 1092 1490; x_wconf 89' lang='lat' dir='ltr'>illa,</span> 
     </span>
    </p>

    <p class='ocr_par' dir='ltr' id='par_1_22' title="bbox 135 1494 1055 1548">
     <span class='ocr_line' id='line_1_27' title="bbox 135 1494 1055 1548; baseline -0.003 -13"><span class='ocrx_word' id='word_1_177' title='bbox 135 1496 224 1535; x_wconf 88' lang='lat' dir='ltr'>Neu</span> <span class='ocrx_word' id='word_1_178' title='bbox 243 1510 282 1535; x_wconf 89' lang='lat' dir='ltr'>se</span> <span class='ocrx_word' id='word_1_179' title='bbox 300 1496 541 1548; x_wconf 79' lang='lat' dir='ltr'>plaevalidam</span> <span class='ocrx_word' id='word_1_180' title='bbox 561 1495 694 1546; x_wconf 78' lang='lat' dir='ltr'>piimis</span> <span class='ocrx_word' id='word_1_181' title='bbox 712 1495 890 1533; x_wconf 84' lang='lat' dir='ltr'>ostendat</span> <span class='ocrx_word' id='word_1_182' title='bbox 909 1494 1055 1532; x_wconf 77' lang='lat' dir='ltr'>aristis.</span> 
     </span>
    </p>

    <p class='ocr_par' dir='ltr' id='par_1_23' title="bbox 135 1547 1144 1601">
     <span class='ocr_line' id='line_1_28' title="bbox 135 1547 1144 1601; baseline -0.004 -13"><span class='ocrx_word' id='word_1_183' title='bbox 135 1550 231 1596; x_wconf 80' lang='lat' dir='ltr'>Quae</span> <span class='ocrx_word' id='word_1_184' title='bbox 251 1550 378 1601; x_wconf 86' lang='lat' dir='ltr'>gravis</span> <span class='ocrx_word' id='word_1_185' title='bbox 397 1552 467 1597; x_wconf 90' lang='lat' dir='ltr'>est,</span> <span class='ocrx_word' id='word_1_186' title='bbox 487 1549 569 1599; x_wconf 86' lang='lat' dir='ltr'>ipso</span> <span class='ocrx_word' id='word_1_187' title='bbox 587 1548 747 1587; x_wconf 85' lang='lat' dir='ltr'>tacitam</span> <span class='ocrx_word' id='word_1_188' title='bbox 765 1561 804 1586; x_wconf 87' lang='lat' dir='ltr'>se</span> <span class='ocrx_word' id='word_1_189' title='bbox 822 1548 986 1598; x_wconf 87' lang='lat' dir='ltr'>pondere</span> <span class='ocrx_word' id='word_1_190' title='bbox 1005 1547 1144 1598; x_wconf 87' lang='lat' dir='ltr'>prodit,</span> 
     </span>
    </p>

    <p class='ocr_par' dir='ltr' id='par_1_24' title="bbox 136 1599 1409 1706">
     <span class='ocr_line' id='line_1_29' title="bbox 136 1599 1409 1664; baseline -0.002 -24"><span class='ocrx_word' id='word_1_191' title='bbox 136 1603 306 1664; x_wconf 81' lang='lat' dir='ltr'>Quaeque</span> <span class='ocrx_word' id='word_1_192' title='bbox 319 1603 390 1642; x_wconf 86' lang='lat' dir='ltr'>lev</span> <span class='ocrx_word' id='word_1_193' title='bbox 368 1617 424 1640; x_wconf 88' lang='lat' dir='ltr'>1s.</span> <span class='ocrx_word' id='word_1_194' title='bbox 473 1602 525 1640; x_wconf 78' lang='lat' dir='ltr'>Pi</span> <span class='ocrx_word' id='word_1_195' title='bbox 527 1605 677 1640; x_wconf 85' lang='lat' dir='ltr'>emtum</span> <span class='ocrx_word' id='word_1_196' title='bbox 691 1603 750 1640; x_wconf 84' lang='lat' dir='ltr'>est</span> <span class='ocrx_word' id='word_1_197' title='bbox 765 1601 882 1639; x_wconf 82' lang='lat' dir='ltr'>oculis</span> <span class='ocrx_word' id='word_1_198' title='bbox 896 1600 1117 1651; x_wconf 72' lang='lat' dir='ltr'>praediscere</span> <span class='ocrx_word' id='word_1_199' title='bbox 1132 1599 1292 1650; x_wconf 80' lang='lat' dir='ltr'>nigram,</span> <span class='ocrx_word' id='word_1_200' title='bbox 1330 1599 1409 1637; x_wconf 85' lang='lat'>255</span> 
     </span>
     <span class='ocr_line' id='line_1_30' title="bbox 136 1653 1196 1706; baseline -0.003 -12"><span class='ocrx_word' id='word_1_201' title='bbox 136 1656 191 1694; x_wconf 81' lang='lat' dir='ltr'>Et</span> <span class='ocrx_word' id='word_1_202' title='bbox 210 1657 294 1706; x_wconf 89' lang='lat' dir='ltr'>quis</span> <span class='ocrx_word' id='word_1_203' title='bbox 309 1657 368 1695; x_wconf 89' lang='lat' dir='ltr'>cui</span> <span class='ocrx_word' id='word_1_204' title='bbox 388 1656 503 1695; x_wconf 87' lang='lat' dir='ltr'>color.</span> <span class='ocrx_word' id='word_1_205' title='bbox 545 1656 601 1693; x_wconf 88' lang='lat' dir='ltr'>At</span> <span class='ocrx_word' id='word_1_206' title='bbox 619 1655 845 1693; x_wconf 85' lang='lat' dir='ltr'>sceleratum</span> <span class='ocrx_word' id='word_1_207' title='bbox 863 1654 1056 1705; x_wconf 80' lang='lat' dir='ltr'>exquireic</span> <span class='ocrx_word' id='word_1_208' title='bbox 1075 1653 1196 1704; x_wconf 80' lang='lat' dir='ltr'>frigus</span> 
     </span>
    </p>

    <p class='ocr_par' dir='ltr' id='par_1_25' title="bbox 136 1708 1092 1760">
     <span class='ocr_line' id='line_1_31' title="bbox 136 1708 1092 1760; baseline -0.002 -14"><span class='ocrx_word' id='word_1_209' title='bbox 136 1709 298 1747; x_wconf 69' lang='lat' dir='ltr'>Difficile</span> <span class='ocrx_word' id='word_1_210' title='bbox 313 1712 393 1748; x_wconf 82' lang='lat' dir='ltr'>est:</span> <span class='ocrx_word' id='word_1_211' title='bbox 422 1710 538 1760; x_wconf 50' lang='lat' dir='ltr'>picam</span> <span class='ocrx_word' id='word_1_212' title='bbox 558 1711 725 1754; x_wconf 82' lang='lat' dir='ltr'>tantum,</span> <span class='ocrx_word' id='word_1_213' title='bbox 744 1708 898 1758; x_wconf 80' lang='lat' dir='ltr'>taxique</span> <span class='ocrx_word' id='word_1_214' title='bbox 913 1709 1092 1745; x_wconf 81' lang='lat' dir='ltr'>nocentes</span> 
     </span>
    </p>

    <p class='ocr_par' dir='ltr' id='par_1_26' title="bbox 136 1739 1127 1812">
     <span class='ocr_line' id='line_1_32' title="bbox 136 1739 1127 1812; baseline -0.002 -13"><span class='ocrx_word' id='word_1_215' title='bbox 136 1761 350 1808; x_wconf 84' lang='lat' dir='ltr'>Interdum,</span> <span class='ocrx_word' id='word_1_216' title='bbox 369 1766 437 1801; x_wconf 90' lang='lat' dir='ltr'>aut</span> <span class='ocrx_word' id='word_1_217' title='bbox 456 1763 606 1801; x_wconf 71' lang='lat' dir='ltr'>hedcia)</span> <span class='ocrx_word' id='word_1_218' title='bbox 627 1739 801 1812; x_wconf 77' lang='lat' dir='ltr'>pandunt</span> <span class='ocrx_word' id='word_1_219' title='bbox 819 1761 983 1811; x_wconf 82' lang='lat' dir='ltr'>vestigia</span> <span class='ocrx_word' id='word_1_220' title='bbox 1000 1760 1127 1810; x_wconf 81' lang='lat' dir='ltr'>nigrae.</span> 
     </span>
    </p>

    <p class='ocr_par' dir='ltr' id='par_1_27' title="bbox 135 1812 1408 2077">
     <span class='ocr_line' id='line_1_33' title="bbox 188 1812 1186 1862; baseline -0.003 -9"><span class='ocrx_word' id='word_1_221' title='bbox 188 1815 264 1853; x_wconf 87' lang='lat' dir='ltr'>His</span> <span class='ocrx_word' id='word_1_222' title='bbox 283 1816 564 1862; x_wconf 70' lang='lat' dir='ltr'>animadversis,</span> <span class='ocrx_word' id='word_1_223' title='bbox 583 1818 724 1853; x_wconf 80' lang='lat' dir='ltr'>terram</span> <span class='ocrx_word' id='word_1_224' title='bbox 743 1814 867 1853; x_wconf 84' lang='lat' dir='ltr'>multo</span> <span class='ocrx_word' id='word_1_225' title='bbox 886 1816 975 1852; x_wconf 86' lang='lat' dir='ltr'>ante</span> <span class='ocrx_word' id='word_1_226' title='bbox 993 1812 1186 1852; x_wconf 84' lang='lat' dir='ltr'>memento</span> 
     </span>
     <span class='ocr_line' id='line_1_34' title="bbox 135 1866 1408 1920; baseline -0.002 -13"><span class='ocrx_word' id='word_1_227' title='bbox 135 1868 368 1920; x_wconf 80' lang='lat' dir='ltr'>Excoqucre,</span> <span class='ocrx_word' id='word_1_228' title='bbox 387 1871 427 1906; x_wconf 79' lang='lat' dir='ltr'>et</span> <span class='ocrx_word' id='word_1_229' title='bbox 446 1882 518 1906; x_wconf 83' lang='grc'>1111</span> <span class='ocrx_word' id='word_1_230' title='bbox 513 1883 606 1918; x_wconf 67' lang='lat' dir='ltr'>,gnos</span> <span class='ocrx_word' id='word_1_231' title='bbox 630 1868 824 1906; x_wconf 79' lang='lat' dir='ltr'>scrobibus</span> <span class='ocrx_word' id='word_1_232' title='bbox 844 1867 1036 1906; x_wconf 86' lang='lat' dir='ltr'>considere</span> <span class='ocrx_word' id='word_1_233' title='bbox 1058 1868 1219 1910; x_wconf 74' lang='lat' dir='ltr'>montes,</span> <span class='ocrx_word' id='word_1_234' title='bbox 1329 1866 1408 1904; x_wconf 81' lang='lat'>260</span> 
     </span>
     <span class='ocr_line' id='line_1_35' title="bbox 136 1920 1004 1973; baseline -0.005 -12"><span class='ocrx_word' id='word_1_235' title='bbox 136 1923 240 1961; x_wconf 85' lang='lat' dir='ltr'>Ante</span> <span class='ocrx_word' id='word_1_236' title='bbox 258 1922 453 1973; x_wconf 77' lang='lat' dir='ltr'>supinatas</span> <span class='ocrx_word' id='word_1_237' title='bbox 474 1922 638 1971; x_wconf 64' lang='lat' dir='ltr'>aquiloni</span> <span class='ocrx_word' id='word_1_238' title='bbox 660 1921 856 1959; x_wconf 83' lang='lat' dir='ltr'>ostendere</span> <span class='ocrx_word' id='word_1_239' title='bbox 874 1920 1004 1971; x_wconf 79' lang='lat' dir='ltr'>glebas</span> 
     </span>
     <span class='ocr_line' id='line_1_36' title="bbox 137 1972 1183 2025; baseline -0.006 -11"><span class='ocrx_word' id='word_1_240' title='bbox 137 1976 259 2022; x_wconf 88' lang='lat' dir='ltr'>Quam</span> <span class='ocrx_word' id='word_1_241' title='bbox 278 1975 410 2014; x_wconf 77' lang='lat' dir='ltr'>loetuin</span> <span class='ocrx_word' id='word_1_242' title='bbox 430 1975 508 2012; x_wconf 83' lang='lat' dir='ltr'>ins»</span> <span class='ocrx_word' id='word_1_243' title='bbox 511 1975 555 2011; x_wconf 84' lang='grc'>11·</span> <span class='ocrx_word' id='word_1_244' title='bbox 550 1988 589 2012; x_wconf 87' lang='grc'>13</span> <span class='ocrx_word' id='word_1_245' title='bbox 610 1974 699 2011; x_wconf 77' lang='lat' dir='ltr'>vitis</span> <span class='ocrx_word' id='word_1_246' title='bbox 718 1987 850 2025; x_wconf 76' lang='lat' dir='ltr'>genus.</span> <span class='ocrx_word' id='word_1_247' title='bbox 905 1972 1064 2023; x_wconf 82' lang='lat' dir='ltr'>Optima</span> <span class='ocrx_word' id='word_1_248' title='bbox 1081 1972 1183 2021; x_wconf 69' lang='lat' dir='ltr'>puni</span> 
     </span>
     <span class='ocr_line' id='line_1_37' title="bbox 138 2025 1106 2077; baseline -0.001 -12.99"><span class='ocrx_word' id='word_1_249' title='bbox 138 2031 241 2067; x_wconf 73' lang='lat' dir='ltr'>Arva</span> <span class='ocrx_word' id='word_1_250' title='bbox 258 2028 359 2067; x_wconf 83' lang='lat' dir='ltr'>solo:</span> <span class='ocrx_word' id='word_1_251' title='bbox 387 2028 428 2066; x_wconf 87' lang='lat' dir='ltr'>id</span> <span class='ocrx_word' id='word_1_252' title='bbox 446 2027 550 2066; x_wconf 78' lang='lat' dir='ltr'>venti</span> <span class='ocrx_word' id='word_1_253' title='bbox 570 2030 705 2065; x_wconf 82' lang='lat' dir='ltr'>emant</span> <span class='ocrx_word' id='word_1_254' title='bbox 735 2026 941 2077; x_wconf 58' lang='lat' dir='ltr'>gelidaeque</span> <span class='ocrx_word' id='word_1_255' title='bbox 960 2039 984 2075; x_wconf 84' lang='lat'>1</span> <span class='ocrx_word' id='word_1_256' title='bbox 987 2025 1106 2063; x_wconf 67' lang='lat' dir='ltr'>ruina}</span> 
     </span>
    </p>

    <p class='ocr_par' dir='ltr' id='par_1_28' title="bbox 137 2079 1063 2129">
     <span class='ocr_line' id='line_1_38' title="bbox 137 2079 1063 2129; baseline -0.003 -9"><span class='ocrx_word' id='word_1_257' title='bbox 137 2083 191 2119; x_wconf 73' lang='lat' dir='ltr'>J-:t</span> <span class='ocrx_word' id='word_1_258' title='bbox 209 2083 395 2120; x_wconf 71' lang='lat' dir='ltr'>labefacta</span> <span class='ocrx_word' id='word_1_259' title='bbox 411 2095 567 2119; x_wconf 70' lang='lat' dir='ltr'>xnoxens</span> <span class='ocrx_word' id='word_1_260' title='bbox 586 2079 792 2118; x_wconf 73' lang='lat' dir='ltr'>robustus</span> <span class='ocrx_word' id='word_1_261' title='bbox 777 2092 915 2129; x_wconf 68' lang='lat' dir='ltr'>jugera</span> <span class='ocrx_word' id='word_1_262' title='bbox 932 2080 1063 2117; x_wconf 79' lang='lat' dir='ltr'>fossor.</span> 
     </span>
    </p>

    <p class='ocr_par' dir='ltr' id='par_1_29' title="bbox 135 2131 1407 2293">
     <span class='ocr_line' id='line_1_39' title="bbox 135 2131 1407 2186; baseline -0.005 -13"><span class='ocrx_word' id='word_1_263' title='bbox 135 2136 191 2173; x_wconf 83' lang='lat' dir='ltr'>At</span> <span class='ocrx_word' id='word_1_264' title='bbox 209 2136 241 2173; x_wconf 85' lang='lat' dir='ltr'>si</span> <span class='ocrx_word' id='word_1_265' title='bbox 260 2149 354 2186; x_wconf 79' lang='lat' dir='ltr'>quos</span> <span class='ocrx_word' id='word_1_266' title='bbox 373 2134 475 2173; x_wconf 78' lang='lat' dir='ltr'>haud</span> <span class='ocrx_word' id='word_1_267' title='bbox 494 2134 570 2173; x_wconf 87' lang='lat' dir='ltr'>ulla</span> <span class='ocrx_word' id='word_1_268' title='bbox 587 2134 687 2171; x_wconf 79' lang='lat' dir='ltr'>viros</span> <span class='ocrx_word' id='word_1_269' title='bbox 706 2132 906 2181; x_wconf 74' lang='lat' dir='ltr'>vigilantia</span> <span class='ocrx_word' id='word_1_270' title='bbox 924 2132 1036 2181; x_wconf 78' lang='lat' dir='ltr'>sugit,</span> <span class='ocrx_word' id='word_1_271' title='bbox 1328 2131 1407 2172; x_wconf 74' lang='grc'>265</span> 
     </span>
     <span class='ocr_line' id='line_1_40' title="bbox 135 2185 1185 2237; baseline -0.003 -11"><span class='ocrx_word' id='word_1_272' title='bbox 135 2190 239 2226; x_wconf 78' lang='lat' dir='ltr'>Ante</span> <span class='ocrx_word' id='word_1_273' title='bbox 250 2188 374 2226; x_wconf 86' lang='lat' dir='ltr'>locum</span> <span class='ocrx_word' id='word_1_274' title='bbox 394 2188 554 2226; x_wconf 82' lang='lat' dir='ltr'>similem</span> <span class='ocrx_word' id='word_1_275' title='bbox 574 2186 789 2237; x_wconf 76' lang='lat' dir='ltr'>exquirunt.</span> <span class='ocrx_word' id='word_1_276' title='bbox 809 2185 873 2223; x_wconf 91' lang='lat' dir='ltr'>ubi</span> <span class='ocrx_word' id='word_1_277' title='bbox 893 2185 1014 2235; x_wconf 76' lang='lat' dir='ltr'>prima</span> <span class='ocrx_word' id='word_1_278' title='bbox 1033 2187 1185 2234; x_wconf 65' lang='lat' dir='ltr'>paretur</span> 
     </span>
     <span class='ocr_line' id='line_1_41' title="bbox 137 2239 1067 2293; baseline -0.001 -13"><span class='ocrx_word' id='word_1_279' title='bbox 137 2241 346 2281; x_wconf 66' lang='lat' dir='ltr'>Arboribus</span> <span class='ocrx_word' id='word_1_280' title='bbox 366 2256 483 2293; x_wconf 51' lang='lat' dir='ltr'>seges,</span> <span class='ocrx_word' id='word_1_281' title='bbox 505 2244 543 2280; x_wconf 81' lang='lat' dir='ltr'>et</span> <span class='ocrx_word' id='word_1_282' title='bbox 562 2254 637 2292; x_wconf 88' lang='lat' dir='ltr'>quo</span> <span class='ocrx_word' id='word_1_283' title='bbox 655 2253 744 2279; x_wconf 81' lang='lat' dir='ltr'>mox</span> <span class='ocrx_word' id='word_1_284' title='bbox 763 2239 911 2291; x_wconf 71' lang='lat' dir='ltr'>digestu</span> <span class='ocrx_word' id='word_1_285' title='bbox 925 2239 1067 2279; x_wconf 63' lang='lat' dir='ltr'>seratur</span> 
     </span>
    </p>
   </div>
  </div>
 </body>
</html>
