1539 2370
494 67 732 97 GEORGICON
751 68 834 96 LIB.
856 69 904 98 11.

88 163 327 216 Felicemque
345 163 508 202 trahunt
525 163 682 202 limum:
711 163 850 214 quique
868 163 992 201 editus
1011 163 1152 212 austro,

86 217 142 256 Et
162 217 299 256 filicem
318 216 442 255 curvis
460 216 620 254 invisam
635 217 757 267 pascit
776 216 933 262 aratri53

85 269 164 308 Hic
182 269 253 308 tibi
273 269 493 320 praevalidas
512 269 603 307 olim
621 269 818 319 multoque
835 269 996 307 fluentes

86 322 253 362 Sufficiet
271 322 423 360 Baccho
442 323 561 369 vites;
589 322 651 360 hic
670 322 805 360 fertilis
824 335 917 368 uvae,

85 375 163 414 Hie
182 375 315 422 laticis,
335 375 483 426 qualem
500 375 640 426 pateris
660 375 820 413 libamus
839 377 878 413 et
896 388 998 421 auro,

84 427 241 466 Inflavit
260 442 377 478 quum
395 429 547 479 pinguis
566 429 658 466 ebur
677 428 897 479 Tyrrhenus
916 428 965 465 ad
983 439 1077 476 arae,

84 480 273 519 Lancibus
292 483 332 519 et
351 481 483 531 pandis
502 481 689 519 fumantia
706 481 897 519 reddimus
916 482 1015 518 exta.

87 533 149 571 Sin
169 536 340 572 armenta
359 534 479 585 magis
499 534 669 571 studium
687 534 901 584 vitulosque
919 532 1031 579 tueri,

83 587 165 624 Aut
186 586 284 624 setus
303 587 442 633 ovium,
462 589 529 625 aut
548 590 699 624 urentes
720 587 824 624 culta
841 585 1002 636 capellas

84 638 211 677 Saltus
242 642 282 678 et
301 640 421 677 saturi
439 640 561 689 petito
582 639 789 690 longinqua
808 638 985 684 Tarenti‚'

88 692 140 730 Et
159 692 307 743 qualem
325 692 455 730 infelix
475 693 601 730 amisit
621 693 786 729 Mantua
803 704 991 740 campum,

85 744 307 782 Pascentem
328 745 456 783 niveos
474 745 634 783 herboso
654 745 808 782 flumine
828 756 966 794 cycnos
983 757 991 780 :

83 795 174 836 Non
192 797 325 848 liquidi
343 797 521 848 gregibus
541 798 674 844 sontes,
695 811 771 835 non
790 796 964 847 gramina
981 795 1152 840 deerunt,

82 849 149 897 Et,
169 852 355 901 quantum
373 851 496 901 longis
516 853 670 901 carpent
689 852 862 888 armenta
879 849 1021 895 diebus,

82 902 236 953 Exigua
253 905 407 941 tantum
425 903 571 953 gelidus
592 917 650 941 ros
670 906 780 940 nocte
799 903 968 952 reponet.

83 954 207 1006 Nigra
224 956 300 993 sere
319 959 358 994 et
376 969 502 1006 presso
522 955 672 1006 pinguis
695 956 765 994 sub
783 967 934 992 vomere
952 956 1064 997 terra,

82 1007 138 1046 Et
157 1008 217 1045 cui
235 1011 346 1058 putre
365 1009 498 1055 solum,
519 1022 679 1058 namque
698 1008 770 1046 hoc
789 1007 984 1044 imitamur
1003 1003 1154 1050 arando,

82 1060 239 1111 Optima
257 1061 478 1099 frumentis:
507 1075 581 1099 non
603 1061 678 1098 ullo
698 1074 742 1098 ex
764 1072 912 1110 aequore
932 1071 1058 1096 cernes

82 1112 201 1151 Plura
218 1114 372 1151 domum
391 1114 509 1151 tardis
529 1114 704 1151 decedere
722 1113 891 1164 plaustra.
904 1110 1098 1162 juvencis:

81 1166 165 1203 Aut
182 1166 282 1204 unde
301 1167 421 1204 iratus
440 1167 571 1204 silvam
592 1166 743 1204 devexit
762 1168 899 1211 arator,

82 1218 138 1256 Et
156 1232 310 1257 nemora
327 1219 465 1257 evertit
484 1219 625 1257 multos
645 1220 783 1270 ignava
801 1232 866 1269 per
885 1230 1014 1262 annos,

81 1271 344 1323 Antiquasque
363 1272 494 1310 domos
513 1273 639 1309 avium
659 1286 744 1310 cum
764 1271 944 1321 stirpibus
964 1269 1050 1306 imis

82 1323 218 1363 Eruit:
247 1325 323 1362 illae
343 1324 464 1362 altum
482 1325 581 1362 nidis
601 1325 740 1374 petiere
758 1324 922 1368 relictis3

82 1377 138 1414 At
156 1377 259 1414 rudis
278 1377 417 1414 enituit
435 1377 598 1427 impulso
618 1390 766 1414 vomere
785 1387 950 1425 campus.

82 1429 186 1466 Nam
200 1430 330 1480 Jejuna
347 1429 498 1479 quidem
517 1429 644 1467 clivosi
664 1430 790 1479 glarea
807 1429 904 1466 ruris

82 1481 157 1519 Vix
176 1482 337 1519 humiles
357 1482 488 1532 apibus
507 1482 623 1520 casias
643 1495 838 1532 roremque
857 1480 1073 1527 ministrat3

82 1534 139 1572 Et
156 1535 297 1585 tophus
316 1535 445 1572 scaber
471 1538 510 1573 ct
529 1535 646 1585 nigris
666 1548 774 1573 exesa
792 1533 980 1584 chelydris

82 1586 198 1625 Creta
221 1590 365 1637 negant
384 1587 474 1625 alios
495 1601 601 1638 aeque
619 1588 855 1637 serpentibus
871 1599 980 1637 agros

82 1639 244 1678 Dulcem
262 1642 356 1678 ferre
375 1640 512 1685 cibum,
532 1643 571 1678 et
590 1654 721 1678 curvas
740 1640 903 1690 pra-bere
922 1638 1097 1677 latebras.

83 1692 177 1738 Quae
195 1694 350 1730 tenuem
368 1693 520 1730 exhalat
539 1693 713 1731 nebulam
735 1695 932 1742 fumosque
950 1691 1132 1738 volucres,

82 1743 139 1782 Et
156 1745 254 1783 bibit
271 1746 480 1792 humorem,
500 1749 551 1793 et,
570 1760 687 1796 quum
707 1746 801 1791 vult,
821 1759 866 1783 ex
885 1758 924 1783 se
941 1745 1023 1794 ipsa
1041 1745 1229 1789 remittit;

83 1797 252 1848 Quoeque
270 1811 337 1835 suo
355 1798 466 1836 viridi
485 1812 630 1848 semper
648 1813 686 1837 se
705 1799 875 1848 grmnine
895 1796 1023 1846 vestit,

83 1849 166 1888 Nec
184 1850 306 1888 scabie
324 1853 363 1888 ct
382 1851 478 1888 salsa
495 1851 603 1889 laedit
622 1852 791 1901 robigine
810 1852 973 1892 ferrum:

84 1901 158 1940 Illa
174 1902 246 1940 tibi
264 1903 364 1941 laetis
383 1903 528 1942 intexet
549 1904 688 1942 vitibus
707 1905 843 1950 ulmos,

84 1953 158 1992 Illa
174 1954 277 1992 ferax
294 1956 375 1994 oleo
393 1959 464 2001 est,
506 1956 606 1994 illam
626 1957 812 2007 experiere
831 1957 986 1996 colendo

84 2006 138 2044 Et
158 2007 303 2045 facilem
322 2009 444 2058 pecori
463 2011 502 2047 ct
522 2010 730 2059 patientem
745 2010 906 2047 vomeris
925 2009 1024 2048 unci.

83 2060 117 2097 T
119 2059 214 2097 alem
234 2060 336 2097 dives
355 2063 438 2098 arat
457 2062 595 2111 Capua,
615 2065 654 2101 et
673 2063 797 2100 vicina
815 2062 960 2100 Vesevo

83 2112 160 2150 Ora
171 2113 278 2163 jugo,
298 2115 337 2150 et
355 2113 482 2150 vacuis
502 2115 654 2152 Clanius
674 2129 749 2153 non
770 2129 896 2166 oequus
917 2115 1078 2152 Acerris.

135 2165 262 2211 Nune,
281 2178 355 2215 quo
374 2178 559 2216 quamque
577 2168 688 2206 modo
713 2169 832 2218 possis
851 2179 1085 2216 cognoscere,
1105 2166 1238 2205 dicam.

84 2216 186 2261 Rara
203 2218 254 2256 sit
273 2231 321 2256 an
341 2231 453 2271 supra
471 2231 612 2258 morem
633 2221 664 2258 si
683 2221 797 2258 densa
815 2221 993 2271 requiras,

1276 267 1354 307 190

1273 528 1350 568 195

1272 792 1349 830 200

1271 1057 1348 1094 205

1272 1323 1350 1361 210

1270 1587 1348 1626 215

1270 1852 1348 1889 220
