1544 2400
486 313 527 359 P.
554 314 780 359 VIRGILII
805 315 1032 361 MARONIS

399 453 1114 523 GEORGIOON

503 621 671 653 LIBER
702 623 1007 657 SECUNDUS.

166 848 398 889 HACTENUS
417 863 594 890 arvorum
613 852 739 891 cultus
758 854 798 891 et
816 853 939 891 sidera
956 855 1063 902 eoeli3

111 901 155 940 Ν
155 916 229 941 unc
246 905 299 951 te,
318 903 482 952 Bacche,
502 917 646 952 canam,
665 918 735 944 nec
753 919 829 944 non
849 906 1039 945 silvestria
1055 910 1184 947 tecum

110 954 292 1007 virgulta
321 959 362 995 et
379 957 525 1009 prolem
542 958 650 996 tarde
669 958 871 996 crescentis
891 959 1013 998 olivae.

111 1007 214 1056 Huc,
234 1011 343 1060 pater
361 1023 384 1048 o
402 1010 566 1058 Lenaee3
593 1011 672 1049 tuis
690 1011 753 1050 hic
773 1012 901 1050 omnia
918 1012 1031 1063 plena

111 1060 361 1110 Muneribus3
390 1063 463 1102 tibi
480 1064 681 1115 pampineo
700 1065 880 1115 gravidus
899 1068 1106 1105 auetumno

110 1112 244 1153 Floret
263 1129 363 1166 ager,
383 1119 536 1166 spumat
555 1117 676 1168 plenis
695 1118 887 1155 vindemia
905 1118 1041 1166 labris3

108 1166 213 1214 Huc,
232 1171 341 1218 pater
359 1182 381 1207 0
400 1169 552 1216 Lenaee,
571 1170 670 1215 veni,
707 1170 924 1221 nudataque
943 1174 1072 1210 musto

109 1218 233 1271 Tinge
251 1235 350 1260 novo
369 1235 518 1260 mecum
539 1223 704 1274 dereptis
723 1237 832 1261 crura
850 1224 1059 1262 cothurnis.

162 1272 356 1324 Principio
375 1275 571 1313 arboribus
590 1276 694 1314 varia
713 1279 772 1314 est
791 1278 929 1314 natura
948 1277 1135 1315 creandis:

106 1324 285 1377 Namque
304 1327 400 1375 aliae,
419 1329 532 1366 nullis
551 1329 749 1367 hominum
770 1330 1004 1378 cogentibus,
1023 1331 1116 1380 ipsae

107 1378 252 1428 Sponte
271 1394 339 1418 sua
356 1381 530 1428 veniunt,
549 1395 774 1433 camposque
795 1386 834 1420 et
853 1383 1010 1420 ssumina
1027 1383 1103 1420 late

107 1430 235 1470 Curva
251 1435 397 1481 tenent,
438 1436 484 1472 ut
502 1435 615 1473 molle,
633 1435 731 1481 siler,
751 1435 942 1486 lentaeque
961 1439 1140 1486 genestae,

106 1482 288 1536 Populus,
307 1489 347 1524 et
366 1488 501 1537 glauca
518 1488 693 1526 canentia
711 1489 842 1526 fronde
861 1488 1005 1526 salicta..

106 1535 202 1575 Pars
221 1541 349 1577 autem
368 1541 493 1590 posito
513 1544 678 1592 surgunt
697 1541 743 1579 de
763 1541 916 1586 semine,
957 1544 1003 1579 ut
1022 1541 1112 1579 aitae

105 1589 315 1640 Gastaneae,
335 1606 607 1644 nemorumque
626 1594 653 1631 J
657 1594 718 1632 ovi
737 1607 821 1645 quae
840 1594 1005 1632 maxima
1023 1593 1175 1632 frondet

105 1641 294 1691 Assseulus,
315 1647 429 1696 atque
448 1647 592 1685 habitae
612 1647 737 1684 Graiis
757 1647 907 1685 oracula
925 1660 1095 1698 quereus.

105 1693 277 1734 Pullulat
296 1699 343 1736 ab
362 1699 486 1737 radice
505 1700 587 1737 aliis
607 1700 830 1737 densissima
847 1700 953 1746 silva,

105 1746 165 1785 Ut
184 1751 318 1787 cerasis
338 1752 547 1802 ulmisque;
575 1753 692 1790 etiam
712 1753 893 1790 Parnasia
913 1753 1040 1790 laurus

105 1799 230 1839 Parva
247 1803 318 1840 sub
336 1804 485 1853 ingenti
504 1806 637 1843 matris
657 1819 695 1843 se
715 1806 868 1855 subjicit
886 1807 1031 1843 umbra.

105 1853 190 1892 Hos
210 1858 346 1893 natura
365 1858 496 1895 modos
515 1859 681 1908 primum
700 1859 828 1905 dodim
856 1859 915 1896 his
934 1871 1054 1909 genus
1073 1870 1184 1894 omne.

104 1907 292 1946 Silvarum
312 1909 567 1960 fruticumque
586 1912 684 1948 viret
704 1925 975 1961 nemorumque
993 1923 1195 1948 sacrorum.

157 1961 257 1998 Sunt
275 1961 349 2009 alii,
369 1976 462 2012 quos
481 1964 560 2013 ipse
579 1964 639 2000 via
657 1964 728 2000 sibi
748 1965 887 2014 reperit
902 1977 1003 2001 usus.

102 2014 181 2052 Ilio
200 2013 350 2064 plantas
367 2017 499 2054 tenero
518 2016 738 2054 abscindens
758 2017 804 2053 de
823 2030 976 2066 corpore
995 2017 1160 2054 matrum

102 2066 291 2116 Deposuit
310 2067 444 2115 sulcis;
471 2068 534 2107 hie
553 2069 689 2120 stirpes
709 2069 837 2106 obruit
856 2082 945 2106 arvo

101 2119 412 2172 Quadrilidasque
430 2122 540 2160 sudes
571 2124 611 2160 et
629 2124 741 2160 acuto
759 2122 891 2159 robore
909 2121 1027 2159 vallos
1043 2135 1053 2170 5

100 2173 362 2224 Silvarumque
381 2175 460 2212 alim
480 2189 626 2225 pressos
644 2175 862 2225 propaginis
882 2189 988 2213 arcus

100 2223 337 2277 Exspectant
357 2230 395 2265 et
415 2228 501 2266 viva
520 2242 587 2267 sua
605 2228 791 2280 plantaria
810 2231 921 2267 terra.

1357 1072 1383 1110 <a

1332 1333 1381 1371 10

1321 2119 1344 2159 [ὃ

1348 2135 1373 2159 G·
1352 2120 1372 2130 ι
