1544 2400
519 98 556 125 P.
574 97 762 125 VIRGILII
790 97 980 126 MARONIS

112 193 212 231 Tum
231 191 320 230 ferri
338 192 452 244 rigor,
472 195 587 244 atque
606 195 753 244 argutae
770 193 911 231 lamina
928 206 1060 241 serrae;

104 246 223 287 (Nam
236 246 350 296 primi
368 246 495 284 cuneis
515 247 739 284 scindebant
757 246 870 284 fissile
888 247 1036 298 lignum
1048 253 1078 304 ε)

111 299 212 338 Tum
229 299 344 338 variae
361 312 497 338 venere
516 303 616 337 artes
631 315 639 346 ;
668 299 773 336 labor
792 300 919 337 omnia
937 300 1031 337 vicit

112 352 315 403 Improbus
335 354 375 390 et
393 352 497 390 duris
516 366 657 403 urgens
676 353 715 389 in
735 352 845 390 rebus
864 355 1024 403 egestas.

111 404 242 444 Prima
261 404 373 443 Ceres
392 406 490 444 ferro
509 405 688 443 moinales
707 407 854 444 vertere
871 408 1013 443 terram

110 457 303 506 Instituit,
323 471 440 508 quum
454 459 535 509 jam
554 458 711 509 glandes
731 461 846 508 atque
864 459 1001 496 arbuta
1019 472 1131 497 saeroe

110 510 328 550 Deficerent
347 511 461 558 silvae,
481 513 521 549 et
539 512 686 550 victum
706 511 870 549 Dodona
890 514 1059 562 negaret.

110 563 206 602 Mox
225 566 265 603 et
283 564 485 602 frumentis
503 564 610 602 labor
628 565 792 611 additus,
812 567 858 602 ut
876 566 976 603 mala
997 565 1140 603 culmos

109 616 225 654 Esset
244 617 389 667 robigo,
408 617 608 668 segnisque
627 617 798 655 horreret
816 617 857 655 in
876 618 974 656 arvis

109 668 303 708 Carduus:
331 671 528 708 intereunt
547 673 703 721 segetes,
744 671 849 708 subit
868 684 999 721 aspera
1016 670 1122 720 silva,

108 721 324 773 Lappaeque
342 723 560 774 tribulique,
580 724 753 773 interque
771 723 937 761 nitentia
958 724 1062 762 culta

108 774 249 813 Infelix
268 775 401 814 lolium
420 778 459 814 et
479 776 626 814 steriles
646 776 893 814 dominantur
916 790 1054 815 avenae.

108 827 218 874 Quod
237 828 312 865 nisi
330 830 370 866 et
388 828 548 866 assiduis
566 831 707 867 terram
726 829 959 868 insectabere
977 830 1120 876 rastris,

107 879 164 918 Et
183 881 313 919 sonitu
330 881 490 919 terrebis
509 894 607 928 aves,
627 884 666 919 et
684 883 782 920 ruris
801 883 907 932 opaci

107 932 221 972 Falce
239 946 386 984 premes
404 934 570 980 umbras
590 935 765 985 votisque
783 935 976 973 vocaveris
994 935 1154 973 imbrem
1169 951 1178 980 ς

106 985 220 1024 Heu!
249 999 433 1038 magnum
452 987 608 1025 alterius
627 990 770 1025 frustra
788 988 976 1038 spectabis
995 1000 1184 1036 acervum,

106 1037 374 1090 Concussaque
392 1039 533 1078 famem
551 1040 591 1077 in
611 1040 715 1077 silvis
735 1040 901 1078 solabere
920 1054 1071 1090 quercu.

158 1091 377 1131 Dicendum
396 1095 447 1140 et,
467 1106 553 1143 quae
574 1093 652 1130 sint
672 1093 775 1131 duris
795 1095 1008 1144 agrestibus
1027 1107 1142 1141 arina,

106 1144 221 1191 Queis
241 1146 322 1184 sine
340 1158 409 1183 neo
427 1148 585 1196 potuere
604 1146 676 1184 seri
695 1159 763 1184 nec
783 1160 935 1197 surgere
953 1160 1116 1186 messes:

106 1197 239 1236 Vomis
258 1200 298 1237 et
315 1198 445 1236 inflexi
463 1199 627 1249 primum
647 1212 762 1249 grave
779 1199 895 1237 robur
913 1200 1040 1247 aratri,

107 1250 306 1302 Tardaque
325 1251 516 1289 Eleusinae
535 1252 669 1289 matris
688 1252 882 1290 volventia
900 1253 1080 1303 plaustra,

107 1303 338 1355 Tribulaque
355 1304 577 1354 trabemque
597 1307 636 1342 et
654 1305 784 1355 iniquo
803 1306 967 1356 pondere
985 1306 1097 1344 rastri
1112 1322 1121 1354 5

106 1355 246 1407 Virgea.
263 1359 449 1407 praeterea
467 1356 568 1395 Cclc'i
588 1358 746 1408 vilisque
765 1358 944 1409 supellex,

107 1409 290 1447 Arbuteae
309 1412 431 1448 crates
451 1412 491 1448 et
509 1411 675 1460 mystica
692 1424 839 1449 vannus
859 1409 1001 1450 Iacchi.

107 1461 247 1500 Omnia
265 1476 351 1513 quae
370 1462 495 1501 multo
515 1466 604 1501 ante
624 1477 769 1502 memor
787 1465 938 1514 provisa
955 1477 1123 1515 reponeS,
1169 1505 1171 1507 ,

107 1515 146 1551 Si
165 1516 205 1553 te
224 1515 341 1565 digna
358 1518 489 1554 manet
507 1516 625 1553 divini
645 1517 766 1567 gloria
790 1517 898 1554 ruris.

107 1567 300 1607 Continuo
318 1568 359 1606 in
378 1568 482 1606 silvis
501 1582 641 1619 magna
658 1569 695 1606 vi
716 1570 810 1607 ssexa
829 1570 1007 1608 domatur

109 1618 155 1656 In
174 1620 301 1658 burim
320 1623 360 1659 et
379 1622 484 1660 curvi
502 1622 663 1660 formam
683 1623 821 1673 accipit
839 1623 965 1661 ulmus
985 1622 1122 1671 aratri3

109 1671 212 1710 Huic
232 1686 254 1710 a
272 1673 389 1724 stirpe
408 1675 521 1724 pedes
539 1678 644 1713 temo
663 1678 863 1725 protentus
882 1676 922 1713 in
947 1678 1048 1724 octo,

108 1724 213 1762 Binae
233 1738 352 1774 aures,
371 1726 511 1777 duplici
531 1729 713 1778 aptantur
731 1728 898 1766 dentalia.
915 1728 1040 1768 dorso.

107 1777 277 1816 Caedi‘cur
296 1781 336 1817 et
354 1779 440 1817 tilia
459 1782 548 1818 ante
560 1781 657 1831 jugo
676 1781 780 1828 levis,
800 1781 951 1832 altaque
970 1781 1080 1833 fagus

106 1830 236 1877 Stivoe,
274 1843 360 1880 quae
396 1843 530 1870 currus
560 1845 584 1871 a
610 1837 720 1885 tergo
738 1836 917 1885 torqueat
937 1835 1058 1884 imos;

106 1882 162 1920 Et
180 1896 361 1935 suspensa
379 1884 471 1923 focis
491 1887 662 1936 explorat
681 1887 816 1925 robora
834 1888 972 1926 fumus.

159 1936 322 1975 Possum
340 1938 464 1976 multa
481 1939 553 1976 tibi
572 1942 744 1978 veterum
763 1943 953 1991 praecepta
969 1940 1117 1989 referre,

105 1988 160 2026 Ni
180 1990 333 2041 refugis,
353 1993 560 2042 tenuesque
579 1992 686 2042 piget
704 2006 928 2043 cognoscere
947 2007 1067 2031 curas.

106 2043 208 2080 Area
225 2056 312 2081 cum
331 2043 463 2094 primis
482 2044 630 2096 ingenti
651 2046 836 2096 aequnnda
853 2046 1024 2097 cylindro

105 2093 162 2131 Et
180 2097 362 2134 vertenda
379 2110 495 2136 manu
514 2101 554 2136 et
572 2101 676 2136 creta
693 2098 887 2137 solidanda
904 2099 1040 2141 tenaci.

106 2145 169 2184 Ne
188 2148 348 2187 subeant
368 2150 503 2198 herboe,
522 2164 597 2190 neu
615 2151 767 2202 pulvere
786 2152 889 2189 victa
907 2152 1070 2199 fatiscat,

104 2198 206 2237 Tum
224 2202 340 2240 varim
359 2202 522 2242 illudant
540 2207 687 2255 pestes:
716 2218 816 2255 smpe
835 2205 993 2253 exiguus
1013 2219 1098 2244 nius

105 2251 186 2297 Sub
203 2253 314 2294 terris
333 2256 535 2309 posuitque
555 2257 686 2299 domos
704 2260 818 2309 atque
837 2258 971 2298 horrca
994 2259 1108 2308 secit3

1304 301 1378 338 145

1302 565 1379 603 150

1303 1095 1378 1133 160

1299 1624 1376 1662 170

1295 2155 1372 2195 180
