1539 2370
530 133 770 162 GEORGtCON
789 133 870 161 Lm.
892 133 940 161 11.

100 231 147 269 vi
165 229 317 282 propria
329 229 520 275 nituntur,
540 228 694 279 opisque
712 228 815 267 haud
834 228 966 279 indiga
983 231 1134 267 nostiae.

96 283 180 323 Nec
199 284 324 321 minus
342 281 487 320 interea
505 282 586 320 sctu
605 295 738 319 nemus
757 295 868 320 omne
887 296 932 331 gr
915 262 1087 330 Duvescit,
1133 292 1140 298 ·

96 335 395 387 Sanguineisque
412 335 559 372 inculta
576 335 715 372 rubent
735 347 873 372 ’11113113
891 334 1038 381 baccis;

97 388 323 428 Tondentur
341 387 466 439 cytisi,
484 387 602 425 taedas
622 388 716 425 silva
735 387 814 425 alta
837 387 990 425 mm1st1
992 389 1045 434 at,

99 441 386 490 Pascunturque
403 440 511 491 ignes
529 440 708 478 nocturni
726 443 766 478 et
784 440 929 478 lumina
946 440 1114 478 sundimt
1129 456 1138 479 ε

100 494 154 532 Et
172 493 351 532 dubitant
368 493 541 532 homines
560 506 680 532 serere
699 495 812 544 atque
830 493 1046 544 impendere
1066 505 1195 531 curam
1208 492 1228 532 Ρ

99 546 200 593 Quid
217 546 360 597 majora
377 547 542 597 sequar?
571 546 701 584 5311005
720 546 956 597 humilesque
975 549 1154 596 gcnestae,

100 600 182 637 Aut
200 599 272 637 illae
293 599 419 649 pecori
438 599 611 637 frondem
630 601 697 636 aut
715 599 930 650 pastoribus
950 599 1102 636 umbras

101 652 312 700 Sufficiunt,
324 659 538 699 saepemque
550 652 653 699 satis,
673 654 712 691 et
731 652 869 702 pabula
885 651 1000 690 melli.

100 705 155 742 Et
168 705 281 756 juvat
299 705 507 742 undantem
525 704 625 745 buxo
645 707 814 756 spectare
833 704 1033 755 Cytorum,

101 757 141 795 N
143 757 349 808 aryciaeque
368 757 460 807 picis
480 757 607 805 lucos3
629 758 742 807 juvat
761 770 850 795 arva
867 757 994 795 videre

102 809 194 848 Non
210 809 354 855 rastris,
373 809 572 848 hominum
590 823 669 850 non
686 809 755 847 ulli
773 810 936 848 obnoxia
955 822 1063 848 curae.

103 861 200 913 Ipsae
219 861 400 900 Caucasio
419 862 564 902 steriles
582 863 623 901 in
641 863 783 901 vertice
804 863 918 910 silvae,

103 915 208 962 Quas'
222 914 382 953 animosi
400 915 479 953 euri
504 916 650 954 assidue
670 916 925 966 franguntque
943 915 1155 966 feruntque,

103 967 212 1005 Dant
230 967 322 1005 alios
341 967 421 1005 aliae
440 969 562 1006 fetus.
554 984 562 992 ·
592 969 686 1006 dant
704 968 799 1014 utile
816 967 966 1019 lignum

103 1019 279 1070 Navigiis
300 1019 420 1070 pinos,
440 1020 614 1059 domibus
633 1021 861 1070 cedrumque
881 1033 1159 1071 cupressosque

104 1072 210 1111 Hinc
227 1072 352 1110 radios
369 1072 508 1111 trivere
526 1073 633 1119 rotis,
652 1073 741 1110 hinc
759 1075 944 1123 tympana
960 1073 1067 1124 plaus
1052 1073 1140 1111 51115

105 1125 302 1176 Agricolae,
320 1127 361 1163 et
378 1125 520 1175 pandas
539 1125 684 1163 ratibus
703 1138 859 1176 posuere
878 1126 1036 1163 carinas·

104 1177 322 1217 viminibus
340 1178 470 1216 salices
487 1178 668 1226 fecundae,
683 1178 878 1216 frondibus
897 1178 1002 1225 ulmi,

105 1233 162 1270 At
179 1232 330 1281 myrtus
347 1230 482 1270 validis
499 1231 713 1278 hastilibus,
732 1232 772 1268 et
789 1231 889 1269 bona
905 1231 1005 1268 bello

107 1284 277 1329 cornus;
307 1282 468 1322 Ituraeos
486 1284 569 1322 taxi
586 1286 815 1334 torquentur
833 1283 873 1320 in
892 1296 1011 1322 arcus.

106 1337 190 1376 Nec
208 1335 301 1373 tiliae
318 1335 420 1374 leves
439 1339 506 1374 aut
524 1338 637 1375 torno
656 1336 764 1374 rasile
781 1336 927 1373 buxum

105 1389 199 1428 Non
216 1388 379 1426 formam
397 1389 589 1439 accipiunt
607 1388 779 1438 ferroque
798 1390 981 1426 cavantur
999 1389 1129 1434 acuto3

108 1442 192 1480 Nee
210 1453 288 1478 non
306 1443 346 1479 et
363 1443 575 1480 torrentem
592 1440 734 1479 undam
752 1440 845 1479 levis
862 1440 1013 1478 innatat
1033 1441 1152 1490 alnus,

109 1494 232 1532 Missa
250 1491 378 1541 Pado,
369 1510 377 1517 -
404 1507 474 1532 nee
492 1507 569 1532 non
588 1495 628 1532 et
646 1506 733 1544 apes
753 1493 926 1532 examina
943 1493 1113 1532 condunt

110 1524 398 1596 Corticibusquie
416 1546 517 1585 cavis
535 1546 756 1596 vitiosaeque
774 1546 870 1584 ilicis
890 1546 970 1584 alx
952 1560 1006 1584 00.

110 1599 212 1646 Quid
229 1599 520 1644 memorandum
539 1612 643 1650 aeque
662 1598 851 1637 Baccheia
868 1599 967 1637 dona
984 1599 1158 1637 tulerunt
1170 1597 1190 1638 Ρ

108 1651 285 1692 Bacchus
303 1654 343 1691 et
361 1652 410 1690 ad
428 1651 577 1702 eulpam
596 1664 725 1689 causas
745 1651 871 1698 dedit3
899 1652 961 1689 ille
981 1653 1147 1690 furentes

111 1704 321 1745 Centauros
338 1705 416 1744 leto
435 1704 595 1752 domuit,
614 1704 876 1754 Rhoetumque
900 1704 1139 1754 Phohunque

111 1756 169 1796 Et
186 1771 326 1809 magno
344 1757 528 1808 Hylaeum
548 1756 725 1807 Lapithis
745 1760 887 1795 cratere
906 1757 1129 1796 minantem.

166 1811 200 1849 O
218 1812 432 1850 fortunatos
450 1809 623 1856 nimium,
643 1823 710 1847 sua
728 1810 759 1847 si
778 1810 877 1848 bona
893 1810 1034 1858 norint,

112 1863 322 1916 Agricolas,
342 1863 477 1914 quibus
460 1863 587 1912 sipsa„
607 1862 737 1912 procul
755 1863 811 1900 dis
815 1863 987 1901 cordibus
1006 1864 1131 1910 armis,

114 1915 148 1953 F
152 1916 262 1954 undit
279 1916 397 1954 humo
415 1915 563 1953 facilem
581 1915 728 1953 vietum
741 1915 864 1965 justis
860 1916 954 1953 511113
972 1917 1106 1955 tellus!

115 1968 156 2006 Si
176 1981 251 2007 non
267 1968 463 2019 ingentem
481 1967 624 2006 foribus
646 1967 779 2006 domus
799 1968 876 2006 alta
894 1969 1064 2019 superbis

114 2020 229 2060 Mane
246 2020 482 2058 salutantum
500 2020 596 2059 totis
613 2020 737 2058 vomit
755 2021 896 2058 oedibus
914 2022 1077 2059 undam-
1068 2051 1079 2069 ‚

115 2072 200 2111 Nec
217 2073 340 2111 varios
353 2072 504 2111 inhiant
522 2073 680 2124 pulchra
696 2074 890 2113 testudine
908 2077 1036 2124 postes

116 2124 329 2175 Illusasque
347 2137 438 2163 auro
454 2128 580 2164 vestes
606 2125 873 2177 Ephyreiaque
892 2139 963 2163 aera
978 2142 986 2172 ;

117 2177 218 2216 Alba
235 2190 355 2227 neque
374 2177 531 2227 Assyrio
549 2178 700 2216 fucatur
716 2178 802 2216 lana
819 2191 975 2223 veneno,

117 2228 201 2269 Nec
220 2230 318 2268 casia
335 2229 468 2279 liquidi
486 2231 740 2280 corrumpitur
758 2244 847 2267 usus
867 2230 980 2269 olivi:

118 2282 176 2322 At
193 2295 322 2323 secura
340 2282 444 2334 quies
463 2283 503 2321 et
520 2282 645 2321 nescia
661 2282 788 2322 fallere
806 2283 886 2321 vlta

1288 337 1368 374 4:30

1290 601 1368 638 435

1289 863 1366 900 410

1293 1125 1370 1162 445

1296 1389 1375 1426 450

1299 1652 1374 1688 435

1301 1914 1381 1951 460

1305 2177 1382 2215 465
