1539 2370
506 87 750 119 0203010011
767 87 851 116 1113.
870 87 939 117 m.

84 187 216 237 Atque
232 184 336 225 notis
353 184 508 237 longam
525 183 738 224 maculosus
757 183 964 236 grandibus
984 183 1122 230 alvum,

84 239 172 287 Qui,
191 239 283 278 dum
301 251 430 277 amnes
448 238 516 276 ulli
533 240 765 289 rumpuntur
782 237 963 284 sontibus,
982 239 1021 274 et
1041 237 1132 274 dum

89 292 183 331 Vere
200 292 356 331 madent
374 291 449 329 udo
466 293 580 329 terrae
598 305 640 329 ac
658 290 884 341 pluvialibus
902 288 1053 335 austriS,

84 344 231 396 Stagna.
248 345 351 389 colit,
387 344 552 395 ripisque
569 344 759 390 habitans,
778 343 841 380 hic
858 342 1024 392 piscibus
1043 343 1166 379 atram

83 396 288 448 Improbus
305 396 514 448 ingluviem
532 397 706 446 ranisque
724 396 941 445 loquacibus
960 394 1107 444 explet:

83 449 290 499 Postquam
310 451 445 490 exusta
463 449 582 500 palus,
600 452 785 498 terraeque
805 449 934 486 ardore
953 448 1167 493 dehiscunt,

82 501 225 540 Exsilit
242 501 283 540 in
301 502 454 548 siceum,
474 505 514 540 et
531 502 768 540 flammantia
784 501 929 538 lumina.
946 503 1127 549 torquens

83 554 203 592 Saevit
220 555 321 605 agris
353 568 533 605 asperque
552 555 617 592 siti
636 557 749 604 atque
768 553 971 592 exterritus
990 555 1099 590 aesbu.

82 607 145 645 Ne
163 607 259 645 mihi
275 610 362 645 tum
379 607 512 645 molles
531 608 600 645 sub
619 607 707 645 divo
726 619 875 657 carpere
894 619 1057 652 somnos,

82 659 172 698 Neu
189 659 299 698 dorso
318 660 481 698 nemoris
499 660 616 698 libeat
627 659 790 709 jacuisse
809 672 875 709 per
891 659 1038 703 herbas,

83 712 210 758 Quum
227 712 360 763 positis
379 726 499 750 novus
518 713 662 750 exuviis
680 712 898 761 nitidusque
912 711 1073 761 juventa

83 763 271 812 Volvitur,
290 767 357 803 aut
376 765 520 802 catulos
539 765 653 803 tectis
673 767 740 802 aut
759 777 830 802 ova
847 764 1073 812 relinquens,

85 817 235 855 Arduus
253 818 302 855 ad
319 817 447 864 solem,
466 820 505 855 et
523 817 664 869 linguis
681 817 798 855 micat
817 830 879 854 ore
898 816 1075 853 trisulcis.

135 869 363 909 Morborum
381 883 528 920 quoque
546 872 587 908 te
607 883 736 908 causas
755 872 794 907 et
812 869 922 918 signa
941 868 1092 905 docebo.

83 922 220 973 Turpis
238 936 326 961 oves
344 924 472 960 tentat
492 922 644 968 scabies,
664 923 730 959 ubi
748 921 907 971 frigidus
926 921 1047 958 imber

81 974 212 1013 Altius
231 975 279 1013 ad
296 975 426 1012 vivum
445 975 610 1025 persedit
629 977 668 1012 et
686 974 840 1012 horrida
858 986 950 1011 cano

81 1027 228 1065 Bruma
244 1027 355 1078 gelu3
381 1027 442 1065 vel
461 1040 578 1077 quum
596 1027 717 1065 tonsis
736 1026 866 1063 illotus
885 1025 1047 1062 adhaesit

81 1080 215 1126 Sudor,
235 1083 275 1118 et
294 1079 433 1117 hirsuti
451 1082 650 1117 secuerunt
670 1091 825 1129 corpora
842 1091 987 1128 vepres.

81 1132 267 1171 Dulcibus
285 1133 424 1171 idcirco
442 1132 566 1169 fluviis
585 1145 697 1182 pecus
717 1144 828 1169 omne
846 1130 1022 1179 magistri

81 1184 334 1232 Persundunt,
353 1184 511 1235 udisque
529 1185 624 1222 aries
643 1184 683 1222 in
701 1184 854 1234 gurgite
873 1183 973 1219 villis

82 1237 287 1285 Mersatur,
306 1237 516 1287 missusque
535 1237 698 1275 secundo
717 1236 850 1274 dessuit
869 1235 971 1272 amni
988 1251 996 1280 ;

81 1291 164 1328 Aut
181 1292 337 1330 tonsum
354 1291 459 1328 tristi
476 1290 707 1340 contingunt
725 1301 858 1338 corpus
877 1300 1038 1333 amurca,

81 1342 138 1380 'Et
157 1356 307 1393 spumas
326 1343 487 1380 miscent
506 1342 665 1392 argenti,
684 1341 843 1389 vivaque
861 1340 1014 1385 sulfura,

84 1395 282 1445 Idaeasque
299 1395 412 1445 piceS,
431 1397 470 1432 et
489 1394 648 1444 pingues
666 1393 835 1444 unguine
853 1405 967 1437 ceras,

84 1448 320 1497 Scillamque,
339 1447 593 1495 elleborosque
612 1458 756 1496 graves,
774 1445 1000 1495 nigrumque
1019 1442 1207 1480 bitumen.

85 1500 176 1538 Non
195 1502 324 1538 tamen
342 1499 419 1537 ulla
436 1499 558 1549 magis
577 1511 741 1549 praesens
760 1497 915 1535 fortuna
932 1496 1104 1533 laborum
1124 1497 1195 1542 est,

85 1553 209 1600 Quam
227 1552 260 1590 si
278 1551 361 1602 quis
379 1552 477 1590 ferro
495 1551 624 1602 potuit
642 1550 852 1589 rescindere
871 1561 1066 1586 summum

86 1605 232 1644 Ulceris
250 1618 303 1643 os.
358 1604 487 1642 Alitur
505 1604 644 1641 vitium
661 1603 832 1651 vivitque
849 1601 1026 1652 tegendo,

87 1658 192 1696 Dum
210 1657 373 1696 medicas
392 1656 568 1694 adhibere
587 1668 721 1694 manus
740 1655 788 1692 ad
806 1654 961 1692 vulnera
978 1653 1108 1703 pastor

88 1711 277 1762 Abnegat,
296 1711 363 1748 aut
381 1709 537 1747 meliora
554 1709 642 1747 deos
661 1708 767 1746 sedet
786 1707 913 1746 omina
931 1718 1099 1756 poscens.

87 1763 189 1810 Quin
207 1762 334 1810 etiam,
351 1762 430 1800 ima
447 1761 553 1800 dolor
570 1761 767 1800 balantum
785 1760 911 1810 lapsus
930 1759 978 1795 ad
996 1771 1081 1796 ossa

89 1815 213 1862 Quum
234 1815 339 1862 furit,
358 1816 472 1864 atque
490 1816 596 1852 artus
615 1813 830 1864 depascitur
848 1811 953 1849 arida
970 1810 1095 1857 febris,

90 1867 240 1906 Profuit
257 1868 428 1906 incensos
446 1869 562 1904 aestus
581 1869 760 1913 avertere,
779 1868 818 1903 et
837 1865 937 1902 inter

93 1920 177 1972 Ima
193 1919 301 1958 ferire
318 1919 423 1971 pedis
442 1919 639 1957 salientem
657 1918 840 1969 sanguine
858 1929 1016 1961 vcna1n3

92 1971 248 2010 Bisaltae
266 1985 340 2022 quo
358 1984 462 2011 more
481 1971 616 2018 solent,
635 1984 791 2021 acerque
810 1969 989 2014 Gelonus,

91 2025 220 2072 Quum
236 2024 338 2076 fugit
354 2023 396 2062 in
412 2024 637 2075 Rhodopen,
656 2026 769 2073 atque
787 2023 826 2061 in
846 2023 994 2060 deserta
1012 2019 1209 2062 Getarum,

92 2078 149 2115 Et
166 2077 224 2115 lac
242 2077 460 2115 concretum
477 2090 564 2115 cum
583 2077 765 2128 sanguine
783 2077 894 2126 potat
912 2073 1059 2122 equino.

147 2130 270 2177 Quam
288 2128 418 2179 procul
436 2130 503 2166 aut
520 2129 626 2167 molli
644 2129 839 2167 succedere
858 2126 993 2175 saepius
1012 2123 1157 2160 unibrae

94 2181 254 2228 Videris,
273 2183 340 2219 aut
359 2194 524 2219 summas
542 2185 758 2232 carpentem
778 2180 950 2231 ignavius
964 2176 1110 2221 herbas,

19 2247 22 2249 ’
93 2235 391 2286 Extremamque
409 2234 524 2286 sequi,
543 2237 610 2273 aut
628 2235 752 2274 medio
770 2231 1012 2284 procumbere
1030 2240 1162 2280 campo

696 2297 719 2323 is

1278 342 1357 379 430

1279 603 1357 640 435

1279 865 1358 902 440

1280 1128 1357 1166 445

1277 1391 1357 1426 450

1281 1649 1358 1690 455

1280 1912 1361 1952 400

1281 2173 1360 2213 465
