1544 2400
465 344 508 390 Ρ.
536 343 765 392 VIRGILH
789 343 1019 389 MAnoms

381 474 445 542 G
468 476 526 540 E
552 475 609 540 O
634 475 699 539 R
722 474 783 540 G
810 475 845 539 I
873 473 924 539 O
951 474 1008 538 Ο
1033 474 1091 537 Ν

514 630 683 663 LIBER
712 629 964 662 TERTIUS.

100 880 161 920 ΤΕ
181 894 340 933 quoque,
358 894 500 931 magna
518 881 640 929 Pales,
659 882 700 920 et
718 882 758 920 te
777 881 1019 920 memorande
1039 893 1214 922 canemus

100 934 240 974 Pastor
258 935 306 973 ab
324 935 566 986 Amphryso3
594 947 673 982 vos,
693 934 796 972 silvae
816 948 1019 986 amnesque
1039 934 1178 985 Lycaei.

99 986 246 1036 Cetera,
266 1001 347 1038 quae
366 1001 502 1026 vacuas
519 988 734 1026 tenuissent
753 987 918 1026 carmine
937 992 1097 1034 mentes,

99 1039 239 1078 Omnia
250 1040 333 1091 jam
349 1041 519 1092 vulgata.
575 1041 668 1087 Quis
688 1042 755 1079 aut
774 1040 995 1092 Eurysthea
1013 1040 1162 1086 durum,

98 1093 182 1131 Aut
199 1093 374 1131 illaudati
391 1093 513 1132 nescit
531 1093 719 1131 Busiridis
739 1107 821 1130 aras
836 1092 854 1131 Ρ
1346 1093 1373 1132 ³

101 1144 173 1183 Cui
189 1158 268 1184 non
287 1146 411 1184 dictus
430 1146 556 1197 Hylas
574 1159 678 1197 puer,
697 1148 737 1184 et
758 1145 921 1184 Latonia.
939 1145 1069 1193 Delos,

98 1197 429 1250 Hippodameque,
447 1199 680 1250 humeroque
699 1198 837 1249 Pelops
855 1198 1019 1250 insignis
1038 1199 1193 1245 eburno,

97 1251 198 1289 Acer
216 1251 321 1302 equis
335 1251 354 1290 Ρ
409 1251 609 1290 Tentanda
626 1251 688 1290 via
705 1253 775 1299 est,
795 1265 869 1302 qua
885 1265 947 1290 me
966 1264 1114 1303 quoque
1132 1250 1273 1303 possim

97 1303 244 1342 Tollere
262 1304 392 1352 humo,
409 1305 605 1355 victorque
622 1304 748 1342 virum
765 1305 925 1344 volitare
943 1318 1010 1355 per
1027 1317 1103 1342 ora.

98 1355 252 1394 Primus
271 1370 342 1407 ego
360 1357 401 1395 in
419 1358 583 1408 patriam
601 1370 761 1406 meeum,
781 1358 894 1396 modo
913 1358 995 1395 vita
1012 1357 1188 1409 supersit,
1318 1358 1371 1396 10

95 1409 223 1448 Aonio
241 1411 388 1449 rediens
407 1410 590 1450 deducam
608 1411 750 1449 vertice
767 1410 919 1458 Mus-1123

96 1460 250 1500 Primus
268 1462 460 1501 Idumaeas
478 1464 638 1502 referam
655 1464 740 1510 tibi,
759 1463 936 1511 Mantua,
954 1463 1123 1514 palmas;

97 1513 154 1552 Et
171 1514 284 1554 viridi
301 1516 342 1554 in
361 1528 494 1568 campo
512 1517 699 1567 templum
719 1516 765 1554 de
783 1529 969 1554 marmore
988 1529 1126 1567 ponam

95 1565 260 1619 Propter
278 1581 426 1619 aquam,
443 1569 564 1607 tardis
582 1569 716 1620 ingens
733 1569 801 1607 ubi
818 1569 976 1608 flexibus
995 1571 1096 1608 errat·

94 1619 258 1659 Mincius
277 1623 317 1660 et
334 1624 466 1661 tenera
480 1623 663 1675 praetexit
681 1621 864 1660 arundine
881 1622 993 1672 ripas.
1314 1621 1363 1658 15

95 1671 146 1710 In
164 1673 289 1712 medio
307 1674 403 1712 mihi
422 1675 551 1713 Caesar
568 1675 652 1723 erit,
669 1675 932 1726 templumque
950 1674 1109 1713 tenebit.

95 1721 161 1763 Illi
177 1726 301 1764 victor
319 1739 390 1777 ego
408 1728 448 1765 ct
466 1727 584 1778 Tyrio
603 1730 826 1779 conspectus
846 1728 887 1765 in
906 1729 1010 1765 ostro

94 1776 261 1816 Centum
280 1779 522 1831 quadrijugos
542 1779 694 1831 agitabo
713 1780 762 1818 ad
780 1780 938 1818 flumina
955 1793 1098 1819 currus.

93 1829 244 1870 Cuncta
260 1831 367 1879 mihi,
386 1832 578 1882 Alpheum
596 1833 770 1883 linquens
787 1832 967 1884 lucosque
986 1830 1188 1878 Molorchi,

94 1880 276 1922 Cursibus
295 1886 335 1922 et
354 1885 469 1923 crudo
489 1885 664 1924 decernet
683 1885 833 1924 Groecia
850 1887 979 1924 cestu:
1310 1883 1365 1924 20

93 1934 194 1985 Ipse,
212 1938 328 1987 caput
344 1938 467 1975 tonsae
485 1937 583 1976 soliis
601 1940 756 1976 ornatus
775 1937 896 1986 olivoe‚

92 1986 207 2027 Dona.
223 1989 353 2028 seram.
408 1989 437 2028 J
439 2003 499 2028 am
518 2003 619 2028 nunc
638 1990 821 2029 solemnes
840 1990 976 2029 ducere
993 2001 1150 2041 pompas

92 2040 155 2078 Ad
174 2041 330 2080 delubra
341 2042 465 2093 juvat,
484 2055 672 2093 coesosquo
690 2043 816 2081 videre
828 2043 1034 2093 juveneos;

91 2091 164 2130 Vel
183 2106 294 2132 scena.
310 2097 356 2132 ut
375 2095 490 2134 versis
509 2095 676 2133 discedat
695 2095 895 2143 frontibus,
913 2098 1033 2147 utque

91 2142 288 2195 Purpurea
305 2147 443 2185 intexti
461 2147 601 2186 tollant
619 2147 737 2186 auloea
756 2148 945 2186 Britanni.
1309 2146 1361 2187 23

91 2196 138 2235 [n
157 2197 296 2237 loribus
316 2210 485 2250 pugnam
504 2210 549 2238 ex
568 2210 657 2237 auro
677 2196 869 2250 solidoque
889 2196 1091 2249 elephanto
